%YAML 1.1
%TAG !u! tag:unity3d.com,2011:
--- !u!1 &2226083100126868276
GameObject:
  m_ObjectHideFlags: 0
  m_CorrespondingSourceObject: {fileID: 0}
  m_PrefabInstance: {fileID: 0}
  m_PrefabAsset: {fileID: 0}
  serializedVersion: 6
  m_Component:
  - component: {fileID: 6548269877808668650}
  - component: {fileID: 4892044768496469463}
  - component: {fileID: 6969202040911500775}
  - component: {fileID: 1419972323187460625}
  - component: {fileID: 2751897554977445682}
  m_Layer: 0
  m_Name: Nail
  m_TagString: Untagged
  m_Icon: {fileID: 0}
  m_NavMeshLayer: 0
  m_StaticEditorFlags: 0
  m_IsActive: 1
--- !u!4 &6548269877808668650
Transform:
  m_ObjectHideFlags: 0
  m_CorrespondingSourceObject: {fileID: 0}
  m_PrefabInstance: {fileID: 0}
  m_PrefabAsset: {fileID: 0}
  m_GameObject: {fileID: 2226083100126868276}
  m_LocalRotation: {x: -0.7071068, y: 0, z: 0, w: 0.7071068}
  m_LocalPosition: {x: 5.8, y: 7.504, z: 12.5}
  m_LocalScale: {x: 1, y: 1, z: 1}
  m_Children: []
  m_Father: {fileID: 0}
  m_RootOrder: 0
  m_LocalEulerAnglesHint: {x: 0, y: 0, z: 0}
--- !u!114 &4892044768496469463
MonoBehaviour:
  m_ObjectHideFlags: 0
  m_CorrespondingSourceObject: {fileID: 0}
  m_PrefabInstance: {fileID: 0}
  m_PrefabAsset: {fileID: 0}
  m_GameObject: {fileID: 2226083100126868276}
  m_Enabled: 1
  m_EditorHideFlags: 0
  m_Script: {fileID: 11500000, guid: 8233d90336aea43098adf6dbabd606a2, type: 3}
  m_Name: 
  m_EditorClassIdentifier: 
  m_MeshFormatVersion: 1
  m_Faces:
  - m_Indexes: 000000000100000002000000010000000300000002000000
    m_SmoothingGroup: -1
    m_Uv:
      m_UseWorldSpace: 0
      m_FlipU: 0
      m_FlipV: 0
      m_SwapUV: 0
      m_Fill: 1
      m_Scale: {x: 1, y: 1}
      m_Offset: {x: 0, y: 0}
      m_Rotation: 0
      m_Anchor: 9
    m_Material: {fileID: 0}
    m_SubmeshIndex: 0
    m_ManualUV: 0
    elementGroup: -1
    m_TextureGroup: -1
  - m_Indexes: 040000000500000006000000050000000700000006000000
    m_SmoothingGroup: -1
    m_Uv:
      m_UseWorldSpace: 0
      m_FlipU: 0
      m_FlipV: 0
      m_SwapUV: 0
      m_Fill: 1
      m_Scale: {x: 1, y: 1}
      m_Offset: {x: 0, y: 0}
      m_Rotation: 0
      m_Anchor: 9
    m_Material: {fileID: 0}
    m_SubmeshIndex: 0
    m_ManualUV: 0
    elementGroup: -1
    m_TextureGroup: -1
  - m_Indexes: 08000000090000000a000000090000000b0000000a000000
    m_SmoothingGroup: -1
    m_Uv:
      m_UseWorldSpace: 0
      m_FlipU: 0
      m_FlipV: 0
      m_SwapUV: 0
      m_Fill: 1
      m_Scale: {x: 1, y: 1}
      m_Offset: {x: 0, y: 0}
      m_Rotation: 0
      m_Anchor: 9
    m_Material: {fileID: 0}
    m_SubmeshIndex: 0
    m_ManualUV: 0
    elementGroup: -1
    m_TextureGroup: -1
  - m_Indexes: 0c0000000d0000000e0000000d0000000f0000000e000000
    m_SmoothingGroup: -1
    m_Uv:
      m_UseWorldSpace: 0
      m_FlipU: 0
      m_FlipV: 0
      m_SwapUV: 0
      m_Fill: 1
      m_Scale: {x: 1, y: 1}
      m_Offset: {x: 0, y: 0}
      m_Rotation: 0
      m_Anchor: 9
    m_Material: {fileID: 0}
    m_SubmeshIndex: 0
    m_ManualUV: 0
    elementGroup: -1
    m_TextureGroup: -1
  - m_Indexes: 100000001100000012000000110000001300000012000000
    m_SmoothingGroup: -1
    m_Uv:
      m_UseWorldSpace: 0
      m_FlipU: 0
      m_FlipV: 0
      m_SwapUV: 0
      m_Fill: 1
      m_Scale: {x: 1, y: 1}
      m_Offset: {x: 0, y: 0}
      m_Rotation: 0
      m_Anchor: 9
    m_Material: {fileID: 0}
    m_SubmeshIndex: 0
    m_ManualUV: 0
    elementGroup: -1
    m_TextureGroup: -1
  - m_Indexes: 140000001500000016000000150000001700000016000000
    m_SmoothingGroup: -1
    m_Uv:
      m_UseWorldSpace: 0
      m_FlipU: 0
      m_FlipV: 0
      m_SwapUV: 0
      m_Fill: 1
      m_Scale: {x: 1, y: 1}
      m_Offset: {x: 0, y: 0}
      m_Rotation: 0
      m_Anchor: 9
    m_Material: {fileID: 0}
    m_SubmeshIndex: 0
    m_ManualUV: 0
    elementGroup: -1
    m_TextureGroup: -1
  - m_Indexes: 18000000190000001a000000190000001b0000001a000000
    m_SmoothingGroup: -1
    m_Uv:
      m_UseWorldSpace: 0
      m_FlipU: 0
      m_FlipV: 0
      m_SwapUV: 0
      m_Fill: 1
      m_Scale: {x: 1, y: 1}
      m_Offset: {x: 0, y: 0}
      m_Rotation: 0
      m_Anchor: 9
    m_Material: {fileID: 0}
    m_SubmeshIndex: 0
    m_ManualUV: 0
    elementGroup: -1
    m_TextureGroup: -1
  - m_Indexes: 1c0000001d0000001e0000001d0000001f0000001e000000
    m_SmoothingGroup: -1
    m_Uv:
      m_UseWorldSpace: 0
      m_FlipU: 0
      m_FlipV: 0
      m_SwapUV: 0
      m_Fill: 1
      m_Scale: {x: 1, y: 1}
      m_Offset: {x: 0, y: 0}
      m_Rotation: 0
      m_Anchor: 9
    m_Material: {fileID: 0}
    m_SubmeshIndex: 0
    m_ManualUV: 0
    elementGroup: -1
    m_TextureGroup: -1
  - m_Indexes: 200000002100000022000000210000002300000022000000
    m_SmoothingGroup: -1
    m_Uv:
      m_UseWorldSpace: 0
      m_FlipU: 0
      m_FlipV: 0
      m_SwapUV: 0
      m_Fill: 1
      m_Scale: {x: 1, y: 1}
      m_Offset: {x: 0, y: 0}
      m_Rotation: 0
      m_Anchor: 9
    m_Material: {fileID: 0}
    m_SubmeshIndex: 0
    m_ManualUV: 0
    elementGroup: -1
    m_TextureGroup: -1
  - m_Indexes: 240000002500000026000000250000002700000026000000
    m_SmoothingGroup: -1
    m_Uv:
      m_UseWorldSpace: 0
      m_FlipU: 0
      m_FlipV: 0
      m_SwapUV: 0
      m_Fill: 1
      m_Scale: {x: 1, y: 1}
      m_Offset: {x: 0, y: 0}
      m_Rotation: 0
      m_Anchor: 9
    m_Material: {fileID: 0}
    m_SubmeshIndex: 0
    m_ManualUV: 0
    elementGroup: -1
    m_TextureGroup: -1
  - m_Indexes: 28000000290000002a000000290000002b0000002a000000
    m_SmoothingGroup: -1
    m_Uv:
      m_UseWorldSpace: 0
      m_FlipU: 0
      m_FlipV: 0
      m_SwapUV: 0
      m_Fill: 1
      m_Scale: {x: 1, y: 1}
      m_Offset: {x: 0, y: 0}
      m_Rotation: 0
      m_Anchor: 9
    m_Material: {fileID: 0}
    m_SubmeshIndex: 0
    m_ManualUV: 0
    elementGroup: -1
    m_TextureGroup: -1
  - m_Indexes: 2c0000002d0000002e0000002d0000002f0000002e000000
    m_SmoothingGroup: -1
    m_Uv:
      m_UseWorldSpace: 0
      m_FlipU: 0
      m_FlipV: 0
      m_SwapUV: 0
      m_Fill: 1
      m_Scale: {x: 1, y: 1}
      m_Offset: {x: 0, y: 0}
      m_Rotation: 0
      m_Anchor: 9
    m_Material: {fileID: 0}
    m_SubmeshIndex: 0
    m_ManualUV: 0
    elementGroup: -1
    m_TextureGroup: -1
  - m_Indexes: 300000003100000032000000310000003300000032000000
    m_SmoothingGroup: -1
    m_Uv:
      m_UseWorldSpace: 0
      m_FlipU: 0
      m_FlipV: 0
      m_SwapUV: 0
      m_Fill: 1
      m_Scale: {x: 1, y: 1}
      m_Offset: {x: 0, y: 0}
      m_Rotation: 0
      m_Anchor: 9
    m_Material: {fileID: 0}
    m_SubmeshIndex: 0
    m_ManualUV: 0
    elementGroup: -1
    m_TextureGroup: -1
  - m_Indexes: 340000003500000036000000350000003700000036000000
    m_SmoothingGroup: -1
    m_Uv:
      m_UseWorldSpace: 0
      m_FlipU: 0
      m_FlipV: 0
      m_SwapUV: 0
      m_Fill: 1
      m_Scale: {x: 1, y: 1}
      m_Offset: {x: 0, y: 0}
      m_Rotation: 0
      m_Anchor: 9
    m_Material: {fileID: 0}
    m_SubmeshIndex: 0
    m_ManualUV: 0
    elementGroup: -1
    m_TextureGroup: -1
  - m_Indexes: 38000000390000003a000000390000003b0000003a000000
    m_SmoothingGroup: -1
    m_Uv:
      m_UseWorldSpace: 0
      m_FlipU: 0
      m_FlipV: 0
      m_SwapUV: 0
      m_Fill: 1
      m_Scale: {x: 1, y: 1}
      m_Offset: {x: 0, y: 0}
      m_Rotation: 0
      m_Anchor: 9
    m_Material: {fileID: 0}
    m_SubmeshIndex: 0
    m_ManualUV: 0
    elementGroup: -1
    m_TextureGroup: -1
  - m_Indexes: 3c0000003d0000003e0000003d0000003f0000003e000000
    m_SmoothingGroup: -1
    m_Uv:
      m_UseWorldSpace: 0
      m_FlipU: 0
      m_FlipV: 0
      m_SwapUV: 0
      m_Fill: 1
      m_Scale: {x: 1, y: 1}
      m_Offset: {x: 0, y: 0}
      m_Rotation: 0
      m_Anchor: 9
    m_Material: {fileID: 0}
    m_SubmeshIndex: 0
    m_ManualUV: 0
    elementGroup: -1
    m_TextureGroup: -1
  - m_Indexes: 400000004100000042000000410000004300000042000000
    m_SmoothingGroup: -1
    m_Uv:
      m_UseWorldSpace: 0
      m_FlipU: 0
      m_FlipV: 0
      m_SwapUV: 0
      m_Fill: 1
      m_Scale: {x: 1, y: 1}
      m_Offset: {x: 0, y: 0}
      m_Rotation: 0
      m_Anchor: 9
    m_Material: {fileID: 0}
    m_SubmeshIndex: 0
    m_ManualUV: 0
    elementGroup: -1
    m_TextureGroup: -1
  - m_Indexes: 440000004500000046000000450000004700000046000000
    m_SmoothingGroup: -1
    m_Uv:
      m_UseWorldSpace: 0
      m_FlipU: 0
      m_FlipV: 0
      m_SwapUV: 0
      m_Fill: 1
      m_Scale: {x: 1, y: 1}
      m_Offset: {x: 0, y: 0}
      m_Rotation: 0
      m_Anchor: 9
    m_Material: {fileID: 0}
    m_SubmeshIndex: 0
    m_ManualUV: 0
    elementGroup: -1
    m_TextureGroup: -1
  - m_Indexes: 48000000490000004a000000490000004b0000004a000000
    m_SmoothingGroup: -1
    m_Uv:
      m_UseWorldSpace: 0
      m_FlipU: 0
      m_FlipV: 0
      m_SwapUV: 0
      m_Fill: 1
      m_Scale: {x: 1, y: 1}
      m_Offset: {x: 0, y: 0}
      m_Rotation: 0
      m_Anchor: 9
    m_Material: {fileID: 0}
    m_SubmeshIndex: 0
    m_ManualUV: 0
    elementGroup: -1
    m_TextureGroup: -1
  - m_Indexes: 4c0000004d0000004e0000004d0000004f0000004e000000
    m_SmoothingGroup: -1
    m_Uv:
      m_UseWorldSpace: 0
      m_FlipU: 0
      m_FlipV: 0
      m_SwapUV: 0
      m_Fill: 1
      m_Scale: {x: 1, y: 1}
      m_Offset: {x: 0, y: 0}
      m_Rotation: 0
      m_Anchor: 9
    m_Material: {fileID: 0}
    m_SubmeshIndex: 0
    m_ManualUV: 0
    elementGroup: -1
    m_TextureGroup: -1
  - m_Indexes: 500000005100000052000000510000005300000052000000
    m_SmoothingGroup: -1
    m_Uv:
      m_UseWorldSpace: 0
      m_FlipU: 0
      m_FlipV: 0
      m_SwapUV: 0
      m_Fill: 1
      m_Scale: {x: 1, y: 1}
      m_Offset: {x: 0, y: 0}
      m_Rotation: 0
      m_Anchor: 9
    m_Material: {fileID: 0}
    m_SubmeshIndex: 0
    m_ManualUV: 0
    elementGroup: -1
    m_TextureGroup: -1
  - m_Indexes: 540000005500000056000000550000005700000056000000
    m_SmoothingGroup: -1
    m_Uv:
      m_UseWorldSpace: 0
      m_FlipU: 0
      m_FlipV: 0
      m_SwapUV: 0
      m_Fill: 1
      m_Scale: {x: 1, y: 1}
      m_Offset: {x: 0, y: 0}
      m_Rotation: 0
      m_Anchor: 9
    m_Material: {fileID: 0}
    m_SubmeshIndex: 0
    m_ManualUV: 0
    elementGroup: -1
    m_TextureGroup: -1
  - m_Indexes: 58000000590000005a000000590000005b0000005a000000
    m_SmoothingGroup: -1
    m_Uv:
      m_UseWorldSpace: 0
      m_FlipU: 0
      m_FlipV: 0
      m_SwapUV: 0
      m_Fill: 1
      m_Scale: {x: 1, y: 1}
      m_Offset: {x: 0, y: 0}
      m_Rotation: 0
      m_Anchor: 9
    m_Material: {fileID: 0}
    m_SubmeshIndex: 0
    m_ManualUV: 0
    elementGroup: -1
    m_TextureGroup: -1
  - m_Indexes: 5c0000005d0000005e0000005d0000005f0000005e000000
    m_SmoothingGroup: -1
    m_Uv:
      m_UseWorldSpace: 0
      m_FlipU: 0
      m_FlipV: 0
      m_SwapUV: 0
      m_Fill: 1
      m_Scale: {x: 1, y: 1}
      m_Offset: {x: 0, y: 0}
      m_Rotation: 0
      m_Anchor: 9
    m_Material: {fileID: 0}
    m_SubmeshIndex: 0
    m_ManualUV: 0
    elementGroup: -1
    m_TextureGroup: -1
  - m_Indexes: 620000006100000060000000
    m_SmoothingGroup: 0
    m_Uv:
      m_UseWorldSpace: 0
      m_FlipU: 0
      m_FlipV: 0
      m_SwapUV: 0
      m_Fill: 1
      m_Scale: {x: 1, y: 1}
      m_Offset: {x: 0, y: 0}
      m_Rotation: 0
      m_Anchor: 9
    m_Material: {fileID: 2100000, guid: c22777d6e868e4f2fb421913386b154e, type: 2}
    m_SubmeshIndex: 0
    m_ManualUV: 0
    elementGroup: 0
    m_TextureGroup: -1
  - m_Indexes: 680000006700000066000000
    m_SmoothingGroup: 0
    m_Uv:
      m_UseWorldSpace: 0
      m_FlipU: 0
      m_FlipV: 0
      m_SwapUV: 0
      m_Fill: 1
      m_Scale: {x: 1, y: 1}
      m_Offset: {x: 0, y: 0}
      m_Rotation: 0
      m_Anchor: 9
    m_Material: {fileID: 2100000, guid: c22777d6e868e4f2fb421913386b154e, type: 2}
    m_SubmeshIndex: 0
    m_ManualUV: 0
    elementGroup: 0
    m_TextureGroup: -1
  - m_Indexes: 6e0000006d0000006c000000
    m_SmoothingGroup: 0
    m_Uv:
      m_UseWorldSpace: 0
      m_FlipU: 0
      m_FlipV: 0
      m_SwapUV: 0
      m_Fill: 1
      m_Scale: {x: 1, y: 1}
      m_Offset: {x: 0, y: 0}
      m_Rotation: 0
      m_Anchor: 9
    m_Material: {fileID: 2100000, guid: c22777d6e868e4f2fb421913386b154e, type: 2}
    m_SubmeshIndex: 0
    m_ManualUV: 0
    elementGroup: 0
    m_TextureGroup: -1
  - m_Indexes: 740000007300000072000000
    m_SmoothingGroup: 0
    m_Uv:
      m_UseWorldSpace: 0
      m_FlipU: 0
      m_FlipV: 0
      m_SwapUV: 0
      m_Fill: 1
      m_Scale: {x: 1, y: 1}
      m_Offset: {x: 0, y: 0}
      m_Rotation: 0
      m_Anchor: 9
    m_Material: {fileID: 2100000, guid: c22777d6e868e4f2fb421913386b154e, type: 2}
    m_SubmeshIndex: 0
    m_ManualUV: 0
    elementGroup: 0
    m_TextureGroup: -1
  - m_Indexes: 7a0000007900000078000000
    m_SmoothingGroup: 0
    m_Uv:
      m_UseWorldSpace: 0
      m_FlipU: 0
      m_FlipV: 0
      m_SwapUV: 0
      m_Fill: 1
      m_Scale: {x: 1, y: 1}
      m_Offset: {x: 0, y: 0}
      m_Rotation: 0
      m_Anchor: 9
    m_Material: {fileID: 2100000, guid: c22777d6e868e4f2fb421913386b154e, type: 2}
    m_SubmeshIndex: 0
    m_ManualUV: 0
    elementGroup: 0
    m_TextureGroup: -1
  - m_Indexes: 800000007f0000007e000000
    m_SmoothingGroup: 0
    m_Uv:
      m_UseWorldSpace: 0
      m_FlipU: 0
      m_FlipV: 0
      m_SwapUV: 0
      m_Fill: 1
      m_Scale: {x: 1, y: 1}
      m_Offset: {x: 0, y: 0}
      m_Rotation: 0
      m_Anchor: 9
    m_Material: {fileID: 2100000, guid: c22777d6e868e4f2fb421913386b154e, type: 2}
    m_SubmeshIndex: 0
    m_ManualUV: 0
    elementGroup: 0
    m_TextureGroup: -1
  - m_Indexes: 860000008500000084000000
    m_SmoothingGroup: 0
    m_Uv:
      m_UseWorldSpace: 0
      m_FlipU: 0
      m_FlipV: 0
      m_SwapUV: 0
      m_Fill: 1
      m_Scale: {x: 1, y: 1}
      m_Offset: {x: 0, y: 0}
      m_Rotation: 0
      m_Anchor: 9
    m_Material: {fileID: 2100000, guid: c22777d6e868e4f2fb421913386b154e, type: 2}
    m_SubmeshIndex: 0
    m_ManualUV: 0
    elementGroup: 0
    m_TextureGroup: -1
  - m_Indexes: 8c0000008b0000008a000000
    m_SmoothingGroup: 0
    m_Uv:
      m_UseWorldSpace: 0
      m_FlipU: 0
      m_FlipV: 0
      m_SwapUV: 0
      m_Fill: 1
      m_Scale: {x: 1, y: 1}
      m_Offset: {x: 0, y: 0}
      m_Rotation: 0
      m_Anchor: 9
    m_Material: {fileID: 2100000, guid: c22777d6e868e4f2fb421913386b154e, type: 2}
    m_SubmeshIndex: 0
    m_ManualUV: 0
    elementGroup: 0
    m_TextureGroup: -1
  - m_Indexes: 630000006400000065000000
    m_SmoothingGroup: 0
    m_Uv:
      m_UseWorldSpace: 0
      m_FlipU: 0
      m_FlipV: 0
      m_SwapUV: 0
      m_Fill: 1
      m_Scale: {x: 1, y: 1}
      m_Offset: {x: 0, y: 0}
      m_Rotation: 0
      m_Anchor: 9
    m_Material: {fileID: 2100000, guid: c22777d6e868e4f2fb421913386b154e, type: 2}
    m_SubmeshIndex: 0
    m_ManualUV: 0
    elementGroup: 0
    m_TextureGroup: -1
  - m_Indexes: 690000006a0000006b000000
    m_SmoothingGroup: 0
    m_Uv:
      m_UseWorldSpace: 0
      m_FlipU: 0
      m_FlipV: 0
      m_SwapUV: 0
      m_Fill: 1
      m_Scale: {x: 1, y: 1}
      m_Offset: {x: 0, y: 0}
      m_Rotation: 0
      m_Anchor: 9
    m_Material: {fileID: 2100000, guid: c22777d6e868e4f2fb421913386b154e, type: 2}
    m_SubmeshIndex: 0
    m_ManualUV: 0
    elementGroup: 0
    m_TextureGroup: -1
  - m_Indexes: 6f0000007000000071000000
    m_SmoothingGroup: 0
    m_Uv:
      m_UseWorldSpace: 0
      m_FlipU: 0
      m_FlipV: 0
      m_SwapUV: 0
      m_Fill: 1
      m_Scale: {x: 1, y: 1}
      m_Offset: {x: 0, y: 0}
      m_Rotation: 0
      m_Anchor: 9
    m_Material: {fileID: 2100000, guid: c22777d6e868e4f2fb421913386b154e, type: 2}
    m_SubmeshIndex: 0
    m_ManualUV: 0
    elementGroup: 0
    m_TextureGroup: -1
  - m_Indexes: 750000007600000077000000
    m_SmoothingGroup: 0
    m_Uv:
      m_UseWorldSpace: 0
      m_FlipU: 0
      m_FlipV: 0
      m_SwapUV: 0
      m_Fill: 1
      m_Scale: {x: 1, y: 1}
      m_Offset: {x: 0, y: 0}
      m_Rotation: 0
      m_Anchor: 9
    m_Material: {fileID: 2100000, guid: c22777d6e868e4f2fb421913386b154e, type: 2}
    m_SubmeshIndex: 0
    m_ManualUV: 0
    elementGroup: 0
    m_TextureGroup: -1
  - m_Indexes: 7b0000007c0000007d000000
    m_SmoothingGroup: 0
    m_Uv:
      m_UseWorldSpace: 0
      m_FlipU: 0
      m_FlipV: 0
      m_SwapUV: 0
      m_Fill: 1
      m_Scale: {x: 1, y: 1}
      m_Offset: {x: 0, y: 0}
      m_Rotation: 0
      m_Anchor: 9
    m_Material: {fileID: 2100000, guid: c22777d6e868e4f2fb421913386b154e, type: 2}
    m_SubmeshIndex: 0
    m_ManualUV: 0
    elementGroup: 0
    m_TextureGroup: -1
  - m_Indexes: 810000008200000083000000
    m_SmoothingGroup: 0
    m_Uv:
      m_UseWorldSpace: 0
      m_FlipU: 0
      m_FlipV: 0
      m_SwapUV: 0
      m_Fill: 1
      m_Scale: {x: 1, y: 1}
      m_Offset: {x: 0, y: 0}
      m_Rotation: 0
      m_Anchor: 9
    m_Material: {fileID: 2100000, guid: c22777d6e868e4f2fb421913386b154e, type: 2}
    m_SubmeshIndex: 0
    m_ManualUV: 0
    elementGroup: 0
    m_TextureGroup: -1
  - m_Indexes: 870000008800000089000000
    m_SmoothingGroup: 0
    m_Uv:
      m_UseWorldSpace: 0
      m_FlipU: 0
      m_FlipV: 0
      m_SwapUV: 0
      m_Fill: 1
      m_Scale: {x: 1, y: 1}
      m_Offset: {x: 0, y: 0}
      m_Rotation: 0
      m_Anchor: 9
    m_Material: {fileID: 2100000, guid: c22777d6e868e4f2fb421913386b154e, type: 2}
    m_SubmeshIndex: 0
    m_ManualUV: 0
    elementGroup: 0
    m_TextureGroup: -1
  - m_Indexes: 8d0000008e0000008f000000
    m_SmoothingGroup: 0
    m_Uv:
      m_UseWorldSpace: 0
      m_FlipU: 0
      m_FlipV: 0
      m_SwapUV: 0
      m_Fill: 1
      m_Scale: {x: 1, y: 1}
      m_Offset: {x: 0, y: 0}
      m_Rotation: 0
      m_Anchor: 9
    m_Material: {fileID: 2100000, guid: c22777d6e868e4f2fb421913386b154e, type: 2}
    m_SubmeshIndex: 0
    m_ManualUV: 0
    elementGroup: 0
    m_TextureGroup: -1
  - m_Indexes: 900000009100000092000000910000009300000092000000
    m_SmoothingGroup: -1
    m_Uv:
      m_UseWorldSpace: 0
      m_FlipU: 0
      m_FlipV: 0
      m_SwapUV: 0
      m_Fill: 1
      m_Scale: {x: 0.99999994, y: 0.99999976}
      m_Offset: {x: 0.11110915, y: -3.0000005}
      m_Rotation: 360
      m_Anchor: 9
    m_Material: {fileID: 0}
    m_SubmeshIndex: 0
    m_ManualUV: 0
    elementGroup: -1
    m_TextureGroup: -1
  - m_Indexes: 940000009500000096000000950000009700000096000000
    m_SmoothingGroup: -1
    m_Uv:
      m_UseWorldSpace: 0
      m_FlipU: 0
      m_FlipV: 0
      m_SwapUV: 0
      m_Fill: 1
      m_Scale: {x: 1.0000002, y: 0.99999976}
      m_Offset: {x: 0.27563322, y: -3.0000005}
      m_Rotation: 360
      m_Anchor: 9
    m_Material: {fileID: 0}
    m_SubmeshIndex: 0
    m_ManualUV: 0
    elementGroup: -1
    m_TextureGroup: -1
  - m_Indexes: 98000000990000009a000000990000009b0000009a000000
    m_SmoothingGroup: -1
    m_Uv:
      m_UseWorldSpace: 0
      m_FlipU: 0
      m_FlipV: 0
      m_SwapUV: 0
      m_Fill: 1
      m_Scale: {x: 0.9999998, y: 0.99999976}
      m_Offset: {x: 0.27869472, y: -3}
      m_Rotation: 0
      m_Anchor: 9
    m_Material: {fileID: 0}
    m_SubmeshIndex: 0
    m_ManualUV: 0
    elementGroup: -1
    m_TextureGroup: -1
  - m_Indexes: 9c0000009d0000009e0000009d0000009f0000009e000000
    m_SmoothingGroup: -1
    m_Uv:
      m_UseWorldSpace: 0
      m_FlipU: 0
      m_FlipV: 0
      m_SwapUV: 0
      m_Fill: 1
      m_Scale: {x: 0.9999995, y: 0.99999976}
      m_Offset: {x: 0.1185016, y: -3.0000005}
      m_Rotation: 0
      m_Anchor: 9
    m_Material: {fileID: 0}
    m_SubmeshIndex: 0
    m_ManualUV: 0
    elementGroup: -1
    m_TextureGroup: -1
  - m_Indexes: a0000000a1000000a2000000a1000000a3000000a2000000
    m_SmoothingGroup: -1
    m_Uv:
      m_UseWorldSpace: 0
      m_FlipU: 0
      m_FlipV: 0
      m_SwapUV: 0
      m_Fill: 1
      m_Scale: {x: 0.9999987, y: 0.99999976}
      m_Offset: {x: -0.111109346, y: -3.0000005}
      m_Rotation: 0
      m_Anchor: 9
    m_Material: {fileID: 0}
    m_SubmeshIndex: 0
    m_ManualUV: 0
    elementGroup: -1
    m_TextureGroup: -1
  - m_Indexes: a4000000a5000000a6000000a5000000a7000000a6000000
    m_SmoothingGroup: -1
    m_Uv:
      m_UseWorldSpace: 0
      m_FlipU: 0
      m_FlipV: 0
      m_SwapUV: 0
      m_Fill: 1
      m_Scale: {x: 1.0000007, y: 0.99999976}
      m_Offset: {x: -0.27563283, y: -3}
      m_Rotation: 360
      m_Anchor: 9
    m_Material: {fileID: 0}
    m_SubmeshIndex: 0
    m_ManualUV: 0
    elementGroup: -1
    m_TextureGroup: -1
  - m_Indexes: a8000000a9000000aa000000a9000000ab000000aa000000
    m_SmoothingGroup: -1
    m_Uv:
      m_UseWorldSpace: 0
      m_FlipU: 0
      m_FlipV: 0
      m_SwapUV: 0
      m_Fill: 1
      m_Scale: {x: 1.0000006, y: 0.99999976}
      m_Offset: {x: -0.27869514, y: -3.0000005}
      m_Rotation: 360
      m_Anchor: 9
    m_Material: {fileID: 0}
    m_SubmeshIndex: 0
    m_ManualUV: 0
    elementGroup: -1
    m_TextureGroup: -1
  - m_Indexes: ac000000ad000000ae000000ad000000af000000ae000000
    m_SmoothingGroup: -1
    m_Uv:
      m_UseWorldSpace: 0
      m_FlipU: 0
      m_FlipV: 0
      m_SwapUV: 0
      m_Fill: 1
      m_Scale: {x: 0.99999917, y: 0.99999976}
      m_Offset: {x: -0.118501276, y: -3.0000005}
      m_Rotation: 0
      m_Anchor: 9
    m_Material: {fileID: 0}
    m_SubmeshIndex: 0
    m_ManualUV: 0
    elementGroup: -1
    m_TextureGroup: -1
  - m_Indexes: b0000000b1000000b2000000b1000000b3000000b2000000
    m_SmoothingGroup: -1
    m_Uv:
      m_UseWorldSpace: 0
      m_FlipU: 0
      m_FlipV: 0
      m_SwapUV: 0
      m_Fill: 1
      m_Scale: {x: 1.0000004, y: 0.9999999}
      m_Offset: {x: 0.1111093, y: -3.0000002}
      m_Rotation: 360
      m_Anchor: 9
    m_Material: {fileID: 0}
    m_SubmeshIndex: 0
    m_ManualUV: 0
    elementGroup: -1
    m_TextureGroup: -1
  - m_Indexes: b4000000b5000000b6000000b5000000b7000000b6000000
    m_SmoothingGroup: -1
    m_Uv:
      m_UseWorldSpace: 0
      m_FlipU: 0
      m_FlipV: 0
      m_SwapUV: 0
      m_Fill: 1
      m_Scale: {x: 1.0000004, y: 0.9999999}
      m_Offset: {x: 0.27563328, y: -3.0000002}
      m_Rotation: 360
      m_Anchor: 9
    m_Material: {fileID: 0}
    m_SubmeshIndex: 0
    m_ManualUV: 0
    elementGroup: -1
    m_TextureGroup: -1
  - m_Indexes: b8000000b9000000ba000000b9000000bb000000ba000000
    m_SmoothingGroup: -1
    m_Uv:
      m_UseWorldSpace: 0
      m_FlipU: 0
      m_FlipV: 0
      m_SwapUV: 0
      m_Fill: 1
      m_Scale: {x: 1, y: 1}
      m_Offset: {x: 0.27869466, y: -3}
      m_Rotation: 0
      m_Anchor: 9
    m_Material: {fileID: 0}
    m_SubmeshIndex: 0
    m_ManualUV: 0
    elementGroup: -1
    m_TextureGroup: -1
  - m_Indexes: bc000000bd000000be000000bd000000bf000000be000000
    m_SmoothingGroup: -1
    m_Uv:
      m_UseWorldSpace: 0
      m_FlipU: 0
      m_FlipV: 0
      m_SwapUV: 0
      m_Fill: 1
      m_Scale: {x: 0.99999994, y: 0.9999999}
      m_Offset: {x: 0.118501455, y: -3.0000002}
      m_Rotation: 0
      m_Anchor: 9
    m_Material: {fileID: 0}
    m_SubmeshIndex: 0
    m_ManualUV: 0
    elementGroup: -1
    m_TextureGroup: -1
  - m_Indexes: c0000000c1000000c2000000c1000000c3000000c2000000
    m_SmoothingGroup: -1
    m_Uv:
      m_UseWorldSpace: 0
      m_FlipU: 0
      m_FlipV: 0
      m_SwapUV: 0
      m_Fill: 1
      m_Scale: {x: 0.99999845, y: 0.9999999}
      m_Offset: {x: -0.11110887, y: -3.0000002}
      m_Rotation: 0
      m_Anchor: 9
    m_Material: {fileID: 0}
    m_SubmeshIndex: 0
    m_ManualUV: 0
    elementGroup: -1
    m_TextureGroup: -1
  - m_Indexes: c4000000c5000000c6000000c5000000c7000000c6000000
    m_SmoothingGroup: -1
    m_Uv:
      m_UseWorldSpace: 0
      m_FlipU: 0
      m_FlipV: 0
      m_SwapUV: 0
      m_Fill: 1
      m_Scale: {x: 1.0000005, y: 0.9999999}
      m_Offset: {x: -0.27563372, y: -3.0000002}
      m_Rotation: 0
      m_Anchor: 9
    m_Material: {fileID: 0}
    m_SubmeshIndex: 0
    m_ManualUV: 0
    elementGroup: -1
    m_TextureGroup: -1
  - m_Indexes: c8000000c9000000ca000000c9000000cb000000ca000000
    m_SmoothingGroup: -1
    m_Uv:
      m_UseWorldSpace: 0
      m_FlipU: 0
      m_FlipV: 0
      m_SwapUV: 0
      m_Fill: 1
      m_Scale: {x: 1.0000001, y: 0.99999976}
      m_Offset: {x: -0.2786949, y: -3}
      m_Rotation: 0
      m_Anchor: 9
    m_Material: {fileID: 0}
    m_SubmeshIndex: 0
    m_ManualUV: 0
    elementGroup: -1
    m_TextureGroup: -1
  - m_Indexes: cc000000cd000000ce000000cd000000cf000000ce000000
    m_SmoothingGroup: -1
    m_Uv:
      m_UseWorldSpace: 0
      m_FlipU: 0
      m_FlipV: 0
      m_SwapUV: 0
      m_Fill: 1
      m_Scale: {x: 0.9999993, y: 0.9999999}
      m_Offset: {x: -0.1185011, y: -3.0000002}
      m_Rotation: 360
      m_Anchor: 9
    m_Material: {fileID: 0}
    m_SubmeshIndex: 0
    m_ManualUV: 0
    elementGroup: -1
    m_TextureGroup: -1
  - m_Indexes: d0000000d1000000d2000000d1000000d3000000d2000000
    m_SmoothingGroup: -1
    m_Uv:
      m_UseWorldSpace: 0
      m_FlipU: 0
      m_FlipV: 0
      m_SwapUV: 0
      m_Fill: 1
      m_Scale: {x: 0.9999992, y: 0.9999999}
      m_Offset: {x: 0.11110921, y: -3}
      m_Rotation: 0
      m_Anchor: 9
    m_Material: {fileID: 0}
    m_SubmeshIndex: 0
    m_ManualUV: 0
    elementGroup: -1
    m_TextureGroup: -1
  - m_Indexes: d4000000d5000000d6000000d5000000d7000000d6000000
    m_SmoothingGroup: -1
    m_Uv:
      m_UseWorldSpace: 0
      m_FlipU: 0
      m_FlipV: 0
      m_SwapUV: 0
      m_Fill: 1
      m_Scale: {x: 0.9999997, y: 0.9999999}
      m_Offset: {x: 0.27563328, y: -3.0000002}
      m_Rotation: 0
      m_Anchor: 9
    m_Material: {fileID: 0}
    m_SubmeshIndex: 0
    m_ManualUV: 0
    elementGroup: -1
    m_TextureGroup: -1
  - m_Indexes: d8000000d9000000da000000d9000000db000000da000000
    m_SmoothingGroup: -1
    m_Uv:
      m_UseWorldSpace: 0
      m_FlipU: 0
      m_FlipV: 0
      m_SwapUV: 0
      m_Fill: 1
      m_Scale: {x: 1.0000001, y: 0.99999976}
      m_Offset: {x: 0.27869454, y: -3.0000005}
      m_Rotation: 360
      m_Anchor: 9
    m_Material: {fileID: 0}
    m_SubmeshIndex: 0
    m_ManualUV: 0
    elementGroup: -1
    m_TextureGroup: -1
  - m_Indexes: dc000000dd000000de000000dd000000df000000de000000
    m_SmoothingGroup: -1
    m_Uv:
      m_UseWorldSpace: 0
      m_FlipU: 0
      m_FlipV: 0
      m_SwapUV: 0
      m_Fill: 1
      m_Scale: {x: 0.99999976, y: 0.9999999}
      m_Offset: {x: 0.118501574, y: -3.0000002}
      m_Rotation: 360
      m_Anchor: 9
    m_Material: {fileID: 0}
    m_SubmeshIndex: 0
    m_ManualUV: 0
    elementGroup: -1
    m_TextureGroup: -1
  - m_Indexes: e0000000e1000000e2000000e1000000e3000000e2000000
    m_SmoothingGroup: -1
    m_Uv:
      m_UseWorldSpace: 0
      m_FlipU: 0
      m_FlipV: 0
      m_SwapUV: 0
      m_Fill: 1
      m_Scale: {x: 0.9999992, y: 0.9999999}
      m_Offset: {x: -0.11110893, y: -3}
      m_Rotation: 360
      m_Anchor: 9
    m_Material: {fileID: 0}
    m_SubmeshIndex: 0
    m_ManualUV: 0
    elementGroup: -1
    m_TextureGroup: -1
  - m_Indexes: e4000000e5000000e6000000e5000000e7000000e6000000
    m_SmoothingGroup: -1
    m_Uv:
      m_UseWorldSpace: 0
      m_FlipU: 0
      m_FlipV: 0
      m_SwapUV: 0
      m_Fill: 1
      m_Scale: {x: 1.0000001, y: 0.99999976}
      m_Offset: {x: -0.27563348, y: -3}
      m_Rotation: 0
      m_Anchor: 9
    m_Material: {fileID: 0}
    m_SubmeshIndex: 0
    m_ManualUV: 0
    elementGroup: -1
    m_TextureGroup: -1
  - m_Indexes: e8000000e9000000ea000000e9000000eb000000ea000000
    m_SmoothingGroup: -1
    m_Uv:
      m_UseWorldSpace: 0
      m_FlipU: 0
      m_FlipV: 0
      m_SwapUV: 0
      m_Fill: 1
      m_Scale: {x: 0.9999998, y: 0.99999976}
      m_Offset: {x: -0.27869496, y: -3}
      m_Rotation: 0
      m_Anchor: 9
    m_Material: {fileID: 0}
    m_SubmeshIndex: 0
    m_ManualUV: 0
    elementGroup: -1
    m_TextureGroup: -1
  - m_Indexes: ec000000ed000000ee000000ed000000ef000000ee000000
    m_SmoothingGroup: -1
    m_Uv:
      m_UseWorldSpace: 0
      m_FlipU: 0
      m_FlipV: 0
      m_SwapUV: 0
      m_Fill: 1
      m_Scale: {x: 0.9999996, y: 0.9999999}
      m_Offset: {x: -0.11850104, y: -3}
      m_Rotation: 360
      m_Anchor: 9
    m_Material: {fileID: 0}
    m_SubmeshIndex: 0
    m_ManualUV: 0
    elementGroup: -1
    m_TextureGroup: -1
  - m_Indexes: f2000000f1000000f0000000
    m_SmoothingGroup: 0
    m_Uv:
      m_UseWorldSpace: 0
      m_FlipU: 0
      m_FlipV: 0
      m_SwapUV: 0
      m_Fill: 1
      m_Scale: {x: 1, y: 1.0000002}
      m_Offset: {x: 0.3000002, y: -0.0040007085}
      m_Rotation: 0
      m_Anchor: 9
    m_Material: {fileID: 2100000, guid: c22777d6e868e4f2fb421913386b154e, type: 2}
    m_SubmeshIndex: 0
    m_ManualUV: 0
    elementGroup: -1
    m_TextureGroup: -1
  - m_Indexes: f8000000f7000000f6000000
    m_SmoothingGroup: 0
    m_Uv:
      m_UseWorldSpace: 0
      m_FlipU: 0
      m_FlipV: 0
      m_SwapUV: 0
      m_Fill: 1
      m_Scale: {x: 1.0000002, y: 1}
      m_Offset: {x: 0.30000025, y: -0.0040006638}
      m_Rotation: 0
      m_Anchor: 9
    m_Material: {fileID: 2100000, guid: c22777d6e868e4f2fb421913386b154e, type: 2}
    m_SubmeshIndex: 0
    m_ManualUV: 0
    elementGroup: -1
    m_TextureGroup: -1
  - m_Indexes: fe000000fd000000fc000000
    m_SmoothingGroup: 0
    m_Uv:
      m_UseWorldSpace: 0
      m_FlipU: 0
      m_FlipV: 0
      m_SwapUV: 0
      m_Fill: 1
      m_Scale: {x: 1.0000004, y: 1}
      m_Offset: {x: 0.30000013, y: -0.0040006638}
      m_Rotation: 0
      m_Anchor: 9
    m_Material: {fileID: 2100000, guid: c22777d6e868e4f2fb421913386b154e, type: 2}
    m_SubmeshIndex: 0
    m_ManualUV: 0
    elementGroup: -1
    m_TextureGroup: -1
  - m_Indexes: 040100000301000002010000
    m_SmoothingGroup: 0
    m_Uv:
      m_UseWorldSpace: 0
      m_FlipU: 0
      m_FlipV: 0
      m_SwapUV: 0
      m_Fill: 1
      m_Scale: {x: 1, y: 1.0000004}
      m_Offset: {x: 0.3000002, y: -0.0040006936}
      m_Rotation: 0
      m_Anchor: 9
    m_Material: {fileID: 2100000, guid: c22777d6e868e4f2fb421913386b154e, type: 2}
    m_SubmeshIndex: 0
    m_ManualUV: 0
    elementGroup: -1
    m_TextureGroup: -1
  - m_Indexes: 0a0100000901000008010000
    m_SmoothingGroup: 0
    m_Uv:
      m_UseWorldSpace: 0
      m_FlipU: 0
      m_FlipV: 0
      m_SwapUV: 0
      m_Fill: 1
      m_Scale: {x: 1, y: 1.0000001}
      m_Offset: {x: 0.3000002, y: -0.004000634}
      m_Rotation: 360
      m_Anchor: 9
    m_Material: {fileID: 2100000, guid: c22777d6e868e4f2fb421913386b154e, type: 2}
    m_SubmeshIndex: 0
    m_ManualUV: 0
    elementGroup: -1
    m_TextureGroup: -1
  - m_Indexes: 100100000f0100000e010000
    m_SmoothingGroup: 0
    m_Uv:
      m_UseWorldSpace: 0
      m_FlipU: 0
      m_FlipV: 0
      m_SwapUV: 0
      m_Fill: 1
      m_Scale: {x: 1.0000004, y: 1}
      m_Offset: {x: 0.30000013, y: -0.0040006638}
      m_Rotation: 0
      m_Anchor: 9
    m_Material: {fileID: 2100000, guid: c22777d6e868e4f2fb421913386b154e, type: 2}
    m_SubmeshIndex: 0
    m_ManualUV: 0
    elementGroup: -1
    m_TextureGroup: -1
  - m_Indexes: 160100001501000014010000
    m_SmoothingGroup: 0
    m_Uv:
      m_UseWorldSpace: 0
      m_FlipU: 0
      m_FlipV: 0
      m_SwapUV: 0
      m_Fill: 1
      m_Scale: {x: 1.0000001, y: 1}
      m_Offset: {x: 0.3000002, y: -0.0040006638}
      m_Rotation: 360
      m_Anchor: 9
    m_Material: {fileID: 2100000, guid: c22777d6e868e4f2fb421913386b154e, type: 2}
    m_SubmeshIndex: 0
    m_ManualUV: 0
    elementGroup: -1
    m_TextureGroup: -1
  - m_Indexes: 1c0100001b0100001a010000
    m_SmoothingGroup: 0
    m_Uv:
      m_UseWorldSpace: 0
      m_FlipU: 0
      m_FlipV: 0
      m_SwapUV: 0
      m_Fill: 1
      m_Scale: {x: 1, y: 1.0000005}
      m_Offset: {x: 0.3000002, y: -0.0040005893}
      m_Rotation: 0
      m_Anchor: 9
    m_Material: {fileID: 2100000, guid: c22777d6e868e4f2fb421913386b154e, type: 2}
    m_SubmeshIndex: 0
    m_ManualUV: 0
    elementGroup: -1
    m_TextureGroup: -1
  - m_Indexes: f3000000f4000000f5000000
    m_SmoothingGroup: 0
    m_Uv:
      m_UseWorldSpace: 0
      m_FlipU: 0
      m_FlipV: 0
      m_SwapUV: 0
      m_Fill: 1
      m_Scale: {x: 1, y: 1.0000001}
      m_Offset: {x: -0.3000002, y: -0.0040006936}
      m_Rotation: 0
      m_Anchor: 9
    m_Material: {fileID: 2100000, guid: c22777d6e868e4f2fb421913386b154e, type: 2}
    m_SubmeshIndex: 0
    m_ManualUV: 0
    elementGroup: -1
    m_TextureGroup: -1
  - m_Indexes: f9000000fa000000fb000000
    m_SmoothingGroup: 0
    m_Uv:
      m_UseWorldSpace: 0
      m_FlipU: 0
      m_FlipV: 0
      m_SwapUV: 0
      m_Fill: 1
      m_Scale: {x: 1.0000002, y: 0.9999999}
      m_Offset: {x: -0.30000025, y: -0.004000634}
      m_Rotation: 0
      m_Anchor: 9
    m_Material: {fileID: 2100000, guid: c22777d6e868e4f2fb421913386b154e, type: 2}
    m_SubmeshIndex: 0
    m_ManualUV: 0
    elementGroup: -1
    m_TextureGroup: -1
  - m_Indexes: ff0000000001000001010000
    m_SmoothingGroup: 0
    m_Uv:
      m_UseWorldSpace: 0
      m_FlipU: 0
      m_FlipV: 0
      m_SwapUV: 0
      m_Fill: 1
      m_Scale: {x: 1.0000004, y: 0.9999999}
      m_Offset: {x: -0.30000013, y: -0.004000634}
      m_Rotation: 0
      m_Anchor: 9
    m_Material: {fileID: 2100000, guid: c22777d6e868e4f2fb421913386b154e, type: 2}
    m_SubmeshIndex: 0
    m_ManualUV: 0
    elementGroup: -1
    m_TextureGroup: -1
  - m_Indexes: 050100000601000007010000
    m_SmoothingGroup: 0
    m_Uv:
      m_UseWorldSpace: 0
      m_FlipU: 0
      m_FlipV: 0
      m_SwapUV: 0
      m_Fill: 1
      m_Scale: {x: 1, y: 1.0000004}
      m_Offset: {x: -0.3000002, y: -0.0040006787}
      m_Rotation: 360
      m_Anchor: 9
    m_Material: {fileID: 2100000, guid: c22777d6e868e4f2fb421913386b154e, type: 2}
    m_SubmeshIndex: 0
    m_ManualUV: 0
    elementGroup: -1
    m_TextureGroup: -1
  - m_Indexes: 0b0100000c0100000d010000
    m_SmoothingGroup: 0
    m_Uv:
      m_UseWorldSpace: 0
      m_FlipU: 0
      m_FlipV: 0
      m_SwapUV: 0
      m_Fill: 1
      m_Scale: {x: 1, y: 1.0000002}
      m_Offset: {x: -0.3000002, y: -0.004000649}
      m_Rotation: 360
      m_Anchor: 9
    m_Material: {fileID: 2100000, guid: c22777d6e868e4f2fb421913386b154e, type: 2}
    m_SubmeshIndex: 0
    m_ManualUV: 0
    elementGroup: -1
    m_TextureGroup: -1
  - m_Indexes: 110100001201000013010000
    m_SmoothingGroup: 0
    m_Uv:
      m_UseWorldSpace: 0
      m_FlipU: 0
      m_FlipV: 0
      m_SwapUV: 0
      m_Fill: 1
      m_Scale: {x: 1.0000004, y: 0.9999999}
      m_Offset: {x: -0.30000013, y: -0.0040006936}
      m_Rotation: 0
      m_Anchor: 9
    m_Material: {fileID: 2100000, guid: c22777d6e868e4f2fb421913386b154e, type: 2}
    m_SubmeshIndex: 0
    m_ManualUV: 0
    elementGroup: -1
    m_TextureGroup: -1
  - m_Indexes: 170100001801000019010000
    m_SmoothingGroup: 0
    m_Uv:
      m_UseWorldSpace: 0
      m_FlipU: 0
      m_FlipV: 0
      m_SwapUV: 0
      m_Fill: 1
      m_Scale: {x: 1.0000001, y: 0.9999999}
      m_Offset: {x: -0.3000002, y: -0.0040006936}
      m_Rotation: 0
      m_Anchor: 9
    m_Material: {fileID: 2100000, guid: c22777d6e868e4f2fb421913386b154e, type: 2}
    m_SubmeshIndex: 0
    m_ManualUV: 0
    elementGroup: -1
    m_TextureGroup: -1
  - m_Indexes: 1d0100001e0100001f010000
    m_SmoothingGroup: 0
    m_Uv:
      m_UseWorldSpace: 0
      m_FlipU: 0
      m_FlipV: 0
      m_SwapUV: 0
      m_Fill: 1
      m_Scale: {x: 1, y: 1.0000004}
      m_Offset: {x: -0.3000002, y: -0.004000604}
      m_Rotation: 0
      m_Anchor: 9
    m_Material: {fileID: 2100000, guid: c22777d6e868e4f2fb421913386b154e, type: 2}
    m_SubmeshIndex: 0
    m_ManualUV: 0
    elementGroup: -1
    m_TextureGroup: -1
  m_SharedVertices:
  - m_Vertices: 000000001e000000600000008c000000
  - m_Vertices: 010000001f000000200000003e000000
  - m_Vertices: 02000000040000006200000066000000
  - m_Vertices: 03000000050000002200000024000000
  - m_Vertices: 0600000008000000680000006c000000
  - m_Vertices: 07000000090000002600000028000000
  - m_Vertices: 0a0000000c0000006e00000072000000
  - m_Vertices: 0b0000000d0000002a0000002c000000
  - m_Vertices: 0e000000100000007400000078000000
  - m_Vertices: 0f000000110000002e00000030000000
  - m_Vertices: 12000000140000007a0000007e000000
  - m_Vertices: 13000000150000003200000034000000
  - m_Vertices: 16000000180000008000000084000000
  - m_Vertices: 17000000190000003600000038000000
  - m_Vertices: 1a0000001c000000860000008a000000
  - m_Vertices: 1b0000001d0000003a0000003c000000
  - m_Vertices: 210000003f000000400000005e000000
  - m_Vertices: 23000000250000004200000044000000
  - m_Vertices: 27000000290000004600000048000000
  - m_Vertices: 2b0000002d0000004a0000004c000000
  - m_Vertices: 2f000000310000004e00000050000000
  - m_Vertices: 33000000350000005200000054000000
  - m_Vertices: 37000000390000005600000058000000
  - m_Vertices: 3b0000003d0000005a0000005c000000
  - m_Vertices: 410000005f000000630000008f000000
  - m_Vertices: 43000000450000006500000069000000
  - m_Vertices: 47000000490000006b0000006f000000
  - m_Vertices: 4b0000004d0000007100000075000000
  - m_Vertices: 4f00000051000000770000007b000000
  - m_Vertices: 53000000550000007d00000081000000
  - m_Vertices: 57000000590000008300000087000000
  - m_Vertices: 5b0000005d000000890000008d000000
  - m_Vertices: 61000000670000006d00000073000000790000007f000000850000008b000000
  - m_Vertices: 640000006a00000070000000760000007c00000082000000880000008e000000
  - m_Vertices: 90000000ae000000f00000001c010000
  - m_Vertices: 91000000af000000b0000000ce000000
  - m_Vertices: 9200000094000000f2000000f6000000
  - m_Vertices: 9300000095000000b2000000b4000000
  - m_Vertices: 9600000098000000f8000000fc000000
  - m_Vertices: 9700000099000000b6000000b8000000
  - m_Vertices: 9a0000009c000000fe00000002010000
  - m_Vertices: 9b0000009d000000ba000000bc000000
  - m_Vertices: 9e000000a00000000401000008010000
  - m_Vertices: 9f000000a1000000be000000c0000000
  - m_Vertices: a2000000a40000000a0100000e010000
  - m_Vertices: a3000000a5000000c2000000c4000000
  - m_Vertices: a6000000a80000001001000014010000
  - m_Vertices: a7000000a9000000c6000000c8000000
  - m_Vertices: aa000000ac000000160100001a010000
  - m_Vertices: ab000000ad000000ca000000cc000000
  - m_Vertices: b1000000cf000000d0000000ee000000
  - m_Vertices: b3000000b5000000d2000000d4000000
  - m_Vertices: b7000000b9000000d6000000d8000000
  - m_Vertices: bb000000bd000000da000000dc000000
  - m_Vertices: bf000000c1000000de000000e0000000
  - m_Vertices: c3000000c5000000e2000000e4000000
  - m_Vertices: c7000000c9000000e6000000e8000000
  - m_Vertices: cb000000cd000000ea000000ec000000
  - m_Vertices: d1000000ef000000f30000001f010000
  - m_Vertices: d3000000d5000000f5000000f9000000
  - m_Vertices: d7000000d9000000fb000000ff000000
  - m_Vertices: db000000dd0000000101000005010000
  - m_Vertices: df000000e1000000070100000b010000
  - m_Vertices: e3000000e50000000d01000011010000
  - m_Vertices: e7000000e90000001301000017010000
  - m_Vertices: eb000000ed000000190100001d010000
  - m_Vertices: f1000000f7000000fd00000003010000090100000f010000150100001b010000
  - m_Vertices: f4000000fa00000000010000060100000c01000012010000180100001e010000
  m_SharedTextures: []
  m_Positions:
  - {x: 0, y: 0, z: 0}
  - {x: 0, y: 0.1, z: 0}
  - {x: -0.23431456, y: 0, z: 0.56568545}
  - {x: -0.23431456, y: 0.1, z: 0.56568545}
  - {x: -0.23431456, y: 0, z: 0.56568545}
  - {x: -0.23431456, y: 0.1, z: 0.56568545}
  - {x: -0.8000001, y: 0, z: 0.8}
  - {x: -0.8000001, y: 0.1, z: 0.8}
  - {x: -0.8000001, y: 0, z: 0.8}
  - {x: -0.8000001, y: 0.1, z: 0.8}
  - {x: -1.3656855, y: 0, z: 0.56568545}
  - {x: -1.3656855, y: 0.1, z: 0.56568545}
  - {x: -1.3656855, y: 0, z: 0.56568545}
  - {x: -1.3656855, y: 0.1, z: 0.56568545}
  - {x: -1.6, y: 0, z: -0.000000069938224}
  - {x: -1.6, y: 0.1, z: -0.000000069938224}
  - {x: -1.6, y: 0, z: -0.000000069938224}
  - {x: -1.6, y: 0.1, z: -0.000000069938224}
  - {x: -1.3656855, y: 0, z: -0.5656854}
  - {x: -1.3656855, y: 0.1, z: -0.5656854}
  - {x: -1.3656855, y: 0, z: -0.5656854}
  - {x: -1.3656855, y: 0.1, z: -0.5656854}
  - {x: -0.8, y: 0, z: -0.8}
  - {x: -0.8, y: 0.1, z: -0.8}
  - {x: -0.8, y: 0, z: -0.8}
  - {x: -0.8, y: 0.1, z: -0.8}
  - {x: -0.23431468, y: 0, z: -0.5656855}
  - {x: -0.23431468, y: 0.1, z: -0.5656855}
  - {x: -0.23431468, y: 0, z: -0.5656855}
  - {x: -0.23431468, y: 0.1, z: -0.5656855}
  - {x: 0, y: 0, z: 0}
  - {x: 0, y: 0.1, z: 0}
  - {x: 0, y: 0.1, z: 0}
  - {x: 0, y: 0.2, z: 0}
  - {x: -0.23431456, y: 0.1, z: 0.56568545}
  - {x: -0.23431456, y: 0.2, z: 0.56568545}
  - {x: -0.23431456, y: 0.1, z: 0.56568545}
  - {x: -0.23431456, y: 0.2, z: 0.56568545}
  - {x: -0.8000001, y: 0.1, z: 0.8}
  - {x: -0.8000001, y: 0.2, z: 0.8}
  - {x: -0.8000001, y: 0.1, z: 0.8}
  - {x: -0.8000001, y: 0.2, z: 0.8}
  - {x: -1.3656855, y: 0.1, z: 0.56568545}
  - {x: -1.3656855, y: 0.2, z: 0.56568545}
  - {x: -1.3656855, y: 0.1, z: 0.56568545}
  - {x: -1.3656855, y: 0.2, z: 0.56568545}
  - {x: -1.6, y: 0.1, z: -0.000000069938224}
  - {x: -1.6, y: 0.2, z: -0.000000069938224}
  - {x: -1.6, y: 0.1, z: -0.000000069938224}
  - {x: -1.6, y: 0.2, z: -0.000000069938224}
  - {x: -1.3656855, y: 0.1, z: -0.5656854}
  - {x: -1.3656855, y: 0.2, z: -0.5656854}
  - {x: -1.3656855, y: 0.1, z: -0.5656854}
  - {x: -1.3656855, y: 0.2, z: -0.5656854}
  - {x: -0.8, y: 0.1, z: -0.8}
  - {x: -0.8, y: 0.2, z: -0.8}
  - {x: -0.8, y: 0.1, z: -0.8}
  - {x: -0.8, y: 0.2, z: -0.8}
  - {x: -0.23431468, y: 0.1, z: -0.5656855}
  - {x: -0.23431468, y: 0.2, z: -0.5656855}
  - {x: -0.23431468, y: 0.1, z: -0.5656855}
  - {x: -0.23431468, y: 0.2, z: -0.5656855}
  - {x: 0, y: 0.1, z: 0}
  - {x: 0, y: 0.2, z: 0}
  - {x: 0, y: 0.2, z: 0}
  - {x: 0, y: 0.3, z: 0}
  - {x: -0.23431456, y: 0.2, z: 0.56568545}
  - {x: -0.23431456, y: 0.3, z: 0.56568545}
  - {x: -0.23431456, y: 0.2, z: 0.56568545}
  - {x: -0.23431456, y: 0.3, z: 0.56568545}
  - {x: -0.8000001, y: 0.2, z: 0.8}
  - {x: -0.8000001, y: 0.3, z: 0.8}
  - {x: -0.8000001, y: 0.2, z: 0.8}
  - {x: -0.8000001, y: 0.3, z: 0.8}
  - {x: -1.3656855, y: 0.2, z: 0.56568545}
  - {x: -1.3656855, y: 0.3, z: 0.56568545}
  - {x: -1.3656855, y: 0.2, z: 0.56568545}
  - {x: -1.3656855, y: 0.3, z: 0.56568545}
  - {x: -1.6, y: 0.2, z: -0.000000069938224}
  - {x: -1.6, y: 0.3, z: -0.000000069938224}
  - {x: -1.6, y: 0.2, z: -0.000000069938224}
  - {x: -1.6, y: 0.3, z: -0.000000069938224}
  - {x: -1.3656855, y: 0.2, z: -0.5656854}
  - {x: -1.3656855, y: 0.3, z: -0.5656854}
  - {x: -1.3656855, y: 0.2, z: -0.5656854}
  - {x: -1.3656855, y: 0.3, z: -0.5656854}
  - {x: -0.8, y: 0.2, z: -0.8}
  - {x: -0.8, y: 0.3, z: -0.8}
  - {x: -0.8, y: 0.2, z: -0.8}
  - {x: -0.8, y: 0.3, z: -0.8}
  - {x: -0.23431468, y: 0.2, z: -0.5656855}
  - {x: -0.23431468, y: 0.3, z: -0.5656855}
  - {x: -0.23431468, y: 0.2, z: -0.5656855}
  - {x: -0.23431468, y: 0.3, z: -0.5656855}
  - {x: 0, y: 0.2, z: 0}
  - {x: 0, y: 0.3, z: 0}
  - {x: 0, y: 0, z: 0}
  - {x: -0.8, y: 0, z: 0}
  - {x: -0.23431456, y: 0, z: 0.56568545}
  - {x: 0, y: 0.3, z: 0}
  - {x: -0.8, y: 0.3, z: 0}
  - {x: -0.23431456, y: 0.3, z: 0.56568545}
  - {x: -0.23431456, y: 0, z: 0.56568545}
  - {x: -0.8, y: 0, z: 0}
  - {x: -0.8000001, y: 0, z: 0.8}
  - {x: -0.23431456, y: 0.3, z: 0.56568545}
  - {x: -0.8, y: 0.3, z: 0}
  - {x: -0.8000001, y: 0.3, z: 0.8}
  - {x: -0.8000001, y: 0, z: 0.8}
  - {x: -0.8, y: 0, z: 0}
  - {x: -1.3656855, y: 0, z: 0.56568545}
  - {x: -0.8000001, y: 0.3, z: 0.8}
  - {x: -0.8, y: 0.3, z: 0}
  - {x: -1.3656855, y: 0.3, z: 0.56568545}
  - {x: -1.3656855, y: 0, z: 0.56568545}
  - {x: -0.8, y: 0, z: 0}
  - {x: -1.6, y: 0, z: -0.000000069938224}
  - {x: -1.3656855, y: 0.3, z: 0.56568545}
  - {x: -0.8, y: 0.3, z: 0}
  - {x: -1.6, y: 0.3, z: -0.000000069938224}
  - {x: -1.6, y: 0, z: -0.000000069938224}
  - {x: -0.8, y: 0, z: 0}
  - {x: -1.3656855, y: 0, z: -0.5656854}
  - {x: -1.6, y: 0.3, z: -0.000000069938224}
  - {x: -0.8, y: 0.3, z: 0}
  - {x: -1.3656855, y: 0.3, z: -0.5656854}
  - {x: -1.3656855, y: 0, z: -0.5656854}
  - {x: -0.8, y: 0, z: 0}
  - {x: -0.8, y: 0, z: -0.8}
  - {x: -1.3656855, y: 0.3, z: -0.5656854}
  - {x: -0.8, y: 0.3, z: 0}
  - {x: -0.8, y: 0.3, z: -0.8}
  - {x: -0.8, y: 0, z: -0.8}
  - {x: -0.8, y: 0, z: 0}
  - {x: -0.23431468, y: 0, z: -0.5656855}
  - {x: -0.8, y: 0.3, z: -0.8}
  - {x: -0.8, y: 0.3, z: 0}
  - {x: -0.23431468, y: 0.3, z: -0.5656855}
  - {x: -0.23431468, y: 0, z: -0.5656855}
  - {x: -0.8, y: 0, z: 0}
  - {x: 0, y: 0, z: 0}
  - {x: -0.23431468, y: 0.3, z: -0.5656855}
  - {x: -0.8, y: 0.3, z: 0}
  - {x: 0, y: 0.3, z: 0}
  - {x: -0.3000002, y: -3.0000005, z: -0.0040006638}
  - {x: -0.3000002, y: -2.0000002, z: -0.0040004253}
  - {x: -0.4464469, y: -3.0000005, z: 0.34955263}
  - {x: -0.4464469, y: -2.0000002, z: 0.34955287}
  - {x: -0.4464469, y: -3.0000005, z: 0.34955263}
  - {x: -0.4464469, y: -2.0000002, z: 0.34955287}
  - {x: -0.8000002, y: -3.0000005, z: 0.49599934}
  - {x: -0.8000002, y: -2.0000002, z: 0.49599957}
  - {x: -0.8000002, y: -3.0000005, z: 0.49599934}
  - {x: -0.8000002, y: -2.0000002, z: 0.49599957}
  - {x: -1.1535535, y: -3.0000005, z: 0.34955263}
  - {x: -1.1535535, y: -2.0000002, z: 0.34955287}
  - {x: -1.1535535, y: -3.0000005, z: 0.34955263}
  - {x: -1.1535535, y: -2.0000002, z: 0.34955287}
  - {x: -1.3000002, y: -3.0000005, z: -0.0040006638}
  - {x: -1.3000002, y: -2.0000002, z: -0.0040004253}
  - {x: -1.3000002, y: -3.0000005, z: -0.0040006638}
  - {x: -1.3000002, y: -2.0000002, z: -0.0040004253}
  - {x: -1.1535535, y: -3.0000005, z: -0.35755396}
  - {x: -1.1535535, y: -2.0000002, z: -0.3575542}
  - {x: -1.1535535, y: -3.0000005, z: -0.35755396}
  - {x: -1.1535535, y: -2.0000002, z: -0.3575542}
  - {x: -0.8000002, y: -3.0000005, z: -0.50400066}
  - {x: -0.8000002, y: -2.0000002, z: -0.5040004}
  - {x: -0.8000002, y: -3.0000005, z: -0.50400066}
  - {x: -0.8000002, y: -2.0000002, z: -0.5040004}
  - {x: -0.4464469, y: -3.0000005, z: -0.35755396}
  - {x: -0.4464469, y: -2.0000002, z: -0.3575542}
  - {x: -0.4464469, y: -3.0000005, z: -0.35755396}
  - {x: -0.4464469, y: -2.0000002, z: -0.3575542}
  - {x: -0.3000002, y: -3.0000005, z: -0.0040006638}
  - {x: -0.3000002, y: -2.0000002, z: -0.0040004253}
  - {x: -0.3000002, y: -2.0000002, z: -0.0040004253}
  - {x: -0.3000002, y: -1.0000001, z: -0.004000306}
  - {x: -0.4464469, y: -2.0000002, z: 0.34955287}
  - {x: -0.4464469, y: -1.0000001, z: 0.349553}
  - {x: -0.4464469, y: -2.0000002, z: 0.34955287}
  - {x: -0.4464469, y: -1.0000001, z: 0.349553}
  - {x: -0.8000002, y: -2.0000002, z: 0.49599957}
  - {x: -0.8000002, y: -1.0000002, z: 0.49599975}
  - {x: -0.8000002, y: -2.0000002, z: 0.49599957}
  - {x: -0.8000002, y: -1.0000002, z: 0.49599975}
  - {x: -1.1535535, y: -2.0000002, z: 0.34955287}
  - {x: -1.1535535, y: -1.0000001, z: 0.349553}
  - {x: -1.1535535, y: -2.0000002, z: 0.34955287}
  - {x: -1.1535535, y: -1.0000001, z: 0.349553}
  - {x: -1.3000002, y: -2.0000002, z: -0.0040004253}
  - {x: -1.3000002, y: -1.0000001, z: -0.004000306}
  - {x: -1.3000002, y: -2.0000002, z: -0.0040004253}
  - {x: -1.3000002, y: -1.0000001, z: -0.004000306}
  - {x: -1.1535535, y: -2.0000002, z: -0.3575542}
  - {x: -1.1535535, y: -1.0000001, z: -0.35755408}
  - {x: -1.1535535, y: -2.0000002, z: -0.3575542}
  - {x: -1.1535535, y: -1.0000001, z: -0.35755408}
  - {x: -0.8000002, y: -2.0000002, z: -0.5040004}
  - {x: -0.8000002, y: -1, z: -0.5040004}
  - {x: -0.8000002, y: -2.0000002, z: -0.5040004}
  - {x: -0.8000002, y: -1, z: -0.5040004}
  - {x: -0.4464469, y: -2.0000002, z: -0.3575542}
  - {x: -0.4464469, y: -1.0000001, z: -0.35755408}
  - {x: -0.4464469, y: -2.0000002, z: -0.3575542}
  - {x: -0.4464469, y: -1.0000001, z: -0.35755408}
  - {x: -0.3000002, y: -2.0000002, z: -0.0040004253}
  - {x: -0.3000002, y: -1.0000001, z: -0.004000306}
  - {x: -0.3000002, y: -1.0000001, z: -0.004000306}
  - {x: -0.3000002, y: 4.656613e-10, z: -0.004000664}
  - {x: -0.4464469, y: -1.0000001, z: 0.349553}
  - {x: -0.4464469, y: -0.000000029802322, z: 0.34955266}
  - {x: -0.4464469, y: -1.0000001, z: 0.349553}
  - {x: -0.4464469, y: -0.000000029802322, z: 0.34955266}
  - {x: -0.8000002, y: -1.0000002, z: 0.49599975}
  - {x: -0.8000002, y: -0.000000059604645, z: 0.4959994}
  - {x: -0.8000002, y: -1.0000002, z: 0.49599975}
  - {x: -0.8000002, y: -0.000000059604645, z: 0.4959994}
  - {x: -1.1535535, y: -1.0000001, z: 0.349553}
  - {x: -1.1535535, y: -0.000000029802322, z: 0.34955266}
  - {x: -1.1535535, y: -1.0000001, z: 0.349553}
  - {x: -1.1535535, y: -0.000000029802322, z: 0.34955266}
  - {x: -1.3000002, y: -1.0000001, z: -0.004000306}
  - {x: -1.3000002, y: 4.656613e-10, z: -0.004000664}
  - {x: -1.3000002, y: -1.0000001, z: -0.004000306}
  - {x: -1.3000002, y: 4.656613e-10, z: -0.004000664}
  - {x: -1.1535535, y: -1.0000001, z: -0.35755408}
  - {x: -1.1535535, y: 0.000000029802322, z: -0.357554}
  - {x: -1.1535535, y: -1.0000001, z: -0.35755408}
  - {x: -1.1535535, y: 0.000000029802322, z: -0.357554}
  - {x: -0.8000002, y: -1, z: -0.5040004}
  - {x: -0.8000002, y: 0.000000059604645, z: -0.5040007}
  - {x: -0.8000002, y: -1, z: -0.5040004}
  - {x: -0.8000002, y: 0.000000059604645, z: -0.5040007}
  - {x: -0.4464469, y: -1.0000001, z: -0.35755408}
  - {x: -0.4464469, y: 0.000000029802322, z: -0.357554}
  - {x: -0.4464469, y: -1.0000001, z: -0.35755408}
  - {x: -0.4464469, y: 0.000000029802322, z: -0.357554}
  - {x: -0.3000002, y: -1.0000001, z: -0.004000306}
  - {x: -0.3000002, y: 4.656613e-10, z: -0.004000664}
  - {x: -0.3000002, y: -3.0000005, z: -0.0040006638}
  - {x: -0.8000002, y: -3.0000005, z: -0.0040006638}
  - {x: -0.4464469, y: -3.0000005, z: 0.34955263}
  - {x: -0.3000002, y: 4.656613e-10, z: -0.004000664}
  - {x: -0.8000002, y: 4.656613e-10, z: -0.004000664}
  - {x: -0.4464469, y: -0.000000029802322, z: 0.34955266}
  - {x: -0.4464469, y: -3.0000005, z: 0.34955263}
  - {x: -0.8000002, y: -3.0000005, z: -0.0040006638}
  - {x: -0.8000002, y: -3.0000005, z: 0.49599934}
  - {x: -0.4464469, y: -0.000000029802322, z: 0.34955266}
  - {x: -0.8000002, y: 4.656613e-10, z: -0.004000664}
  - {x: -0.8000002, y: -0.000000059604645, z: 0.4959994}
  - {x: -0.8000002, y: -3.0000005, z: 0.49599934}
  - {x: -0.8000002, y: -3.0000005, z: -0.0040006638}
  - {x: -1.1535535, y: -3.0000005, z: 0.34955263}
  - {x: -0.8000002, y: -0.000000059604645, z: 0.4959994}
  - {x: -0.8000002, y: 4.656613e-10, z: -0.004000664}
  - {x: -1.1535535, y: -0.000000029802322, z: 0.34955266}
  - {x: -1.1535535, y: -3.0000005, z: 0.34955263}
  - {x: -0.8000002, y: -3.0000005, z: -0.0040006638}
  - {x: -1.3000002, y: -3.0000005, z: -0.0040006638}
  - {x: -1.1535535, y: -0.000000029802322, z: 0.34955266}
  - {x: -0.8000002, y: 4.656613e-10, z: -0.004000664}
  - {x: -1.3000002, y: 4.656613e-10, z: -0.004000664}
  - {x: -1.3000002, y: -3.0000005, z: -0.0040006638}
  - {x: -0.8000002, y: -3.0000005, z: -0.0040006638}
  - {x: -1.1535535, y: -3.0000005, z: -0.35755396}
  - {x: -1.3000002, y: 4.656613e-10, z: -0.004000664}
  - {x: -0.8000002, y: 4.656613e-10, z: -0.004000664}
  - {x: -1.1535535, y: 0.000000029802322, z: -0.357554}
  - {x: -1.1535535, y: -3.0000005, z: -0.35755396}
  - {x: -0.8000002, y: -3.0000005, z: -0.0040006638}
  - {x: -0.8000002, y: -3.0000005, z: -0.50400066}
  - {x: -1.1535535, y: 0.000000029802322, z: -0.357554}
  - {x: -0.8000002, y: 4.656613e-10, z: -0.004000664}
  - {x: -0.8000002, y: 0.000000059604645, z: -0.5040007}
  - {x: -0.8000002, y: -3.0000005, z: -0.50400066}
  - {x: -0.8000002, y: -3.0000005, z: -0.0040006638}
  - {x: -0.4464469, y: -3.0000005, z: -0.35755396}
  - {x: -0.8000002, y: 0.000000059604645, z: -0.5040007}
  - {x: -0.8000002, y: 4.656613e-10, z: -0.004000664}
  - {x: -0.4464469, y: 0.000000029802322, z: -0.357554}
  - {x: -0.4464469, y: -3.0000005, z: -0.35755396}
  - {x: -0.8000002, y: -3.0000005, z: -0.0040006638}
  - {x: -0.3000002, y: -3.0000005, z: -0.0040006638}
  - {x: -0.4464469, y: 0.000000029802322, z: -0.357554}
  - {x: -0.8000002, y: 4.656613e-10, z: -0.004000664}
  - {x: -0.3000002, y: 4.656613e-10, z: -0.004000664}
  m_Textures0:
  - {x: 0, y: 0}
  - {x: 0, y: 0.1}
  - {x: 0.61229354, y: 0}
  - {x: 0.61229354, y: 0.1}
  - {x: 0.43295684, y: 0}
  - {x: 0.43295684, y: 0.1}
  - {x: 1.0452504, y: 0}
  - {x: 1.0452504, y: 0.1}
  - {x: 0.43295696, y: 0}
  - {x: 0.43295696, y: 0.1}
  - {x: 1.0452504, y: 0}
  - {x: 1.0452504, y: 0.1}
  - {x: -0.00000011715794, y: 0}
  - {x: -0.00000011715794, y: 0.1}
  - {x: 0.6122935, y: 0}
  - {x: 0.6122935, y: 0.1}
  - {x: -0.6122935, y: 0}
  - {x: -0.6122935, y: 0.1}
  - {x: -0.00000009372884, y: 0}
  - {x: -0.00000009372884, y: 0.1}
  - {x: -1.0452503, y: 0}
  - {x: -1.0452503, y: 0.1}
  - {x: -0.43295678, y: 0}
  - {x: -0.43295678, y: 0.1}
  - {x: -1.0452504, y: 0}
  - {x: -1.0452504, y: 0.1}
  - {x: -0.432957, y: 0}
  - {x: -0.432957, y: 0.1}
  - {x: -0.6122936, y: 0}
  - {x: -0.6122936, y: 0.1}
  - {x: 0, y: 0}
  - {x: 0, y: 0.1}
  - {x: 0, y: 0.1}
  - {x: 0, y: 0.2}
  - {x: 0.61229354, y: 0.1}
  - {x: 0.61229354, y: 0.2}
  - {x: 0.43295684, y: 0.1}
  - {x: 0.43295684, y: 0.2}
  - {x: 1.0452504, y: 0.1}
  - {x: 1.0452504, y: 0.2}
  - {x: 0.43295696, y: 0.1}
  - {x: 0.43295696, y: 0.2}
  - {x: 1.0452504, y: 0.1}
  - {x: 1.0452504, y: 0.2}
  - {x: -0.00000011715794, y: 0.1}
  - {x: -0.00000011715794, y: 0.2}
  - {x: 0.6122935, y: 0.1}
  - {x: 0.6122935, y: 0.2}
  - {x: -0.6122935, y: 0.1}
  - {x: -0.6122935, y: 0.2}
  - {x: -0.00000009372884, y: 0.1}
  - {x: -0.00000009372884, y: 0.2}
  - {x: -1.0452503, y: 0.1}
  - {x: -1.0452503, y: 0.2}
  - {x: -0.43295678, y: 0.1}
  - {x: -0.43295678, y: 0.2}
  - {x: -1.0452504, y: 0.1}
  - {x: -1.0452504, y: 0.2}
  - {x: -0.432957, y: 0.1}
  - {x: -0.432957, y: 0.2}
  - {x: -0.6122936, y: 0.1}
  - {x: -0.6122936, y: 0.2}
  - {x: 0, y: 0.1}
  - {x: 0, y: 0.2}
  - {x: 0, y: 0.2}
  - {x: 0, y: 0.3}
  - {x: 0.61229354, y: 0.2}
  - {x: 0.61229354, y: 0.3}
  - {x: 0.43295684, y: 0.2}
  - {x: 0.43295684, y: 0.3}
  - {x: 1.0452504, y: 0.2}
  - {x: 1.0452504, y: 0.3}
  - {x: 0.43295693, y: 0.2}
  - {x: 0.43295693, y: 0.3}
  - {x: 1.0452504, y: 0.2}
  - {x: 1.0452504, y: 0.3}
  - {x: -0.00000015785854, y: 0.2}
  - {x: -0.00000015785854, y: 0.3}
  - {x: 0.6122934, y: 0.2}
  - {x: 0.6122934, y: 0.3}
  - {x: -0.6122935, y: 0.2}
  - {x: -0.6122935, y: 0.3}
  - {x: -0.00000009372884, y: 0.2}
  - {x: -0.00000009372884, y: 0.3}
  - {x: -1.0452503, y: 0.2}
  - {x: -1.0452503, y: 0.3}
  - {x: -0.4329568, y: 0.2}
  - {x: -0.4329568, y: 0.3}
  - {x: -1.0452504, y: 0.2}
  - {x: -1.0452504, y: 0.3}
  - {x: -0.432957, y: 0.2}
  - {x: -0.432957, y: 0.3}
  - {x: -0.6122936, y: 0.2}
  - {x: -0.6122936, y: 0.3}
  - {x: 0, y: 0.2}
  - {x: 0, y: 0.3}
  - {x: 0, y: 0}
  - {x: 0.8, y: 0}
  - {x: 0.23431456, y: 0.56568545}
  - {x: 0, y: 0}
  - {x: -0.8, y: 0}
  - {x: -0.23431456, y: 0.56568545}
  - {x: 0.23431456, y: 0.56568545}
  - {x: 0.8, y: 0}
  - {x: 0.8000001, y: 0.8}
  - {x: -0.23431456, y: 0.56568545}
  - {x: -0.8, y: 0}
  - {x: -0.8000001, y: 0.8}
  - {x: 0.8000001, y: 0.8}
  - {x: 0.8, y: 0}
  - {x: 1.3656855, y: 0.56568545}
  - {x: -0.8000001, y: 0.8}
  - {x: -0.8, y: 0}
  - {x: -1.3656855, y: 0.56568545}
  - {x: 1.3656855, y: 0.56568545}
  - {x: 0.8, y: 0}
  - {x: 1.6, y: -0.000000069938224}
  - {x: -1.3656855, y: 0.56568545}
  - {x: -0.8, y: 0}
  - {x: -1.6, y: -0.000000069938224}
  - {x: 1.6, y: -0.000000069938224}
  - {x: 0.8, y: 0}
  - {x: 1.3656855, y: -0.5656854}
  - {x: -1.6, y: -0.000000069938224}
  - {x: -0.8, y: 0}
  - {x: -1.3656855, y: -0.5656854}
  - {x: 1.3656855, y: -0.5656854}
  - {x: 0.8, y: 0}
  - {x: 0.8, y: -0.8}
  - {x: -1.3656855, y: -0.5656854}
  - {x: -0.8, y: 0}
  - {x: -0.8, y: -0.8}
  - {x: 0.8, y: -0.8}
  - {x: 0.8, y: 0}
  - {x: 0.23431468, y: -0.5656855}
  - {x: -0.8, y: -0.8}
  - {x: -0.8, y: 0}
  - {x: -0.23431468, y: -0.5656855}
  - {x: 0.23431468, y: -0.5656855}
  - {x: 0.8, y: 0}
  - {x: 0, y: 0}
  - {x: -0.23431468, y: -0.5656855}
  - {x: -0.8, y: 0}
  - {x: 0, y: 0}
  - {x: -0.00000017881393, y: 0}
  - {x: 0.00000023841858, y: 1}
  - {x: 0.38268316, y: 0}
  - {x: 0.38268358, y: 1}
  - {x: 0.27059782, y: 0}
  - {x: 0.27059817, y: 1}
  - {x: 0.65328133, y: 0}
  - {x: 0.6532817, y: 1}
  - {x: 0.2705982, y: 0}
  - {x: 0.27059808, y: 1}
  - {x: 0.65328145, y: 0}
  - {x: 0.65328133, y: 1}
  - {x: 0.00000014901161, y: 0}
  - {x: -0.00000008940697, y: 1}
  - {x: 0.38268334, y: 0}
  - {x: 0.3826831, y: 1}
  - {x: -0.3826832, y: 0}
  - {x: -0.38268343, y: 1}
  - {x: -0.00000029802322, y: 0}
  - {x: -0.000000074505806, y: 1}
  - {x: -0.65328157, y: 0}
  - {x: -0.65328133, y: 1}
  - {x: -0.27059796, y: 0}
  - {x: -0.27059796, y: 1}
  - {x: -0.6532817, y: 0}
  - {x: -0.65328145, y: 1}
  - {x: -0.27059802, y: 0}
  - {x: -0.2705979, y: 1}
  - {x: -0.38268325, y: 0}
  - {x: -0.3826835, y: 1}
  - {x: -0.00000020861626, y: 0}
  - {x: 0.000000014901161, y: 1}
  - {x: -0.00000017881393, y: 1}
  - {x: 0.00000010430813, y: 2}
  - {x: 0.38268334, y: 1}
  - {x: 0.38268363, y: 2}
  - {x: 0.27059788, y: 1}
  - {x: 0.2705981, y: 2}
  - {x: 0.6532814, y: 1}
  - {x: 0.6532816, y: 2}
  - {x: 0.27059808, y: 1}
  - {x: 0.27059802, y: 1.9999999}
  - {x: 0.65328145, y: 1}
  - {x: 0.65328145, y: 2}
  - {x: 0.000000014901161, y: 1}
  - {x: -0.00000010430813, y: 2}
  - {x: 0.38268337, y: 1}
  - {x: 0.38268325, y: 2}
  - {x: -0.3826833, y: 1}
  - {x: -0.3826834, y: 2}
  - {x: -0.000000059604645, y: 1}
  - {x: -0.00000016391277, y: 2}
  - {x: -0.65328145, y: 1}
  - {x: -0.65328145, y: 2}
  - {x: -0.27059802, y: 1}
  - {x: -0.27059802, y: 2}
  - {x: -0.65328145, y: 1}
  - {x: -0.65328145, y: 1.9999999}
  - {x: -0.27059814, y: 1}
  - {x: -0.27059814, y: 1.9999998}
  - {x: -0.38268372, y: 1}
  - {x: -0.38268337, y: 2}
  - {x: -0.00000010430813, y: 1}
  - {x: 0.0000001937151, y: 2}
  - {x: 0.00000032782555, y: 2}
  - {x: -0.000000014901161, y: 3}
  - {x: 0.3826834, y: 2}
  - {x: 0.3826831, y: 3}
  - {x: 0.27059817, y: 2.0000002}
  - {x: 0.27059805, y: 3}
  - {x: 0.65328145, y: 2}
  - {x: 0.65328133, y: 3}
  - {x: 0.2705979, y: 2}
  - {x: 0.27059826, y: 3}
  - {x: 0.65328145, y: 2.0000002}
  - {x: 0.6532818, y: 3}
  - {x: -0.00000028312206, y: 2}
  - {x: 0.00000020861626, y: 3}
  - {x: 0.382683, y: 2}
  - {x: 0.3826835, y: 3}
  - {x: -0.38268358, y: 2}
  - {x: -0.38268307, y: 3.0000002}
  - {x: -0.000000044703484, y: 2}
  - {x: 0.000000059604645, y: 3}
  - {x: -0.65328145, y: 1.9999999}
  - {x: -0.65328145, y: 2.9999998}
  - {x: -0.27059814, y: 2}
  - {x: -0.27059802, y: 3}
  - {x: -0.65328133, y: 2.0000002}
  - {x: -0.65328145, y: 3}
  - {x: -0.2705982, y: 2}
  - {x: -0.27059808, y: 3}
  - {x: -0.38268366, y: 2}
  - {x: -0.38268343, y: 3}
  - {x: 0.000000014901161, y: 2}
  - {x: -0.00000013411045, y: 3}
  - {x: 0, y: 0}
  - {x: 0.5, y: 0}
  - {x: 0.1464467, y: 0.3535534}
  - {x: 0, y: 0.000000014901161}
  - {x: -0.5, y: 0.000000014901161}
  - {x: -0.1464467, y: 0.35355338}
  - {x: 0.14644659, y: 0.3535533}
  - {x: 0.5, y: 0}
  - {x: 0.5, y: 0.5}
  - {x: -0.14644659, y: 0.35355327}
  - {x: -0.5, y: 0}
  - {x: -0.5, y: 0.5}
  - {x: 0.5, y: 0.5}
  - {x: 0.5, y: 0}
  - {x: 0.85355335, y: 0.3535533}
  - {x: -0.5, y: 0.5}
  - {x: -0.5, y: 0}
  - {x: -0.85355335, y: 0.35355327}
  - {x: 0.8535533, y: 0.35355338}
  - {x: 0.5, y: -0.000000029802322}
  - {x: 1, y: -0.000000029802322}
  - {x: -0.8535533, y: 0.3535534}
  - {x: -0.5, y: -0.00000008940697}
  - {x: -1, y: 0}
  - {x: 1, y: -0.000000059604645}
  - {x: 0.5, y: 0.000000029802322}
  - {x: 0.8535533, y: -0.35355332}
  - {x: -1, y: 0.000000074505806}
  - {x: -0.5, y: -0.000000014901161}
  - {x: -0.8535533, y: -0.35355335}
  - {x: 0.85355335, y: -0.3535533}
  - {x: 0.5, y: 0}
  - {x: 0.5, y: -0.5}
  - {x: -0.85355335, y: -0.35355327}
  - {x: -0.5, y: 0}
  - {x: -0.5, y: -0.49999997}
  - {x: 0.49999994, y: -0.5}
  - {x: 0.50000006, y: -0.000000029802322}
  - {x: 0.1464467, y: -0.35355327}
  - {x: -0.5, y: -0.49999997}
  - {x: -0.5, y: 0}
  - {x: -0.1464467, y: -0.35355327}
  - {x: 0.1464467, y: -0.35355347}
  - {x: 0.5, y: 0.000000014901161}
  - {x: 0, y: 0.000000014901161}
  - {x: -0.1464467, y: -0.35355344}
  - {x: -0.5, y: 0}
  - {x: 0, y: 0}
  m_Textures2: []
  m_Textures3: []
  m_Tangents:
  - {x: -0.38268343, y: 0, z: 0.92387956, w: -1}
  - {x: -0.38268343, y: 0, z: 0.92387956, w: -1}
  - {x: -0.38268343, y: 0, z: 0.92387956, w: -1}
  - {x: -0.38268343, y: 0, z: 0.92387956, w: -1}
  - {x: -0.92387956, y: 0, z: 0.38268337, w: -1}
  - {x: -0.92387956, y: 0, z: 0.38268337, w: -1}
  - {x: -0.92387956, y: 0, z: 0.38268337, w: -1}
  - {x: -0.92387956, y: 0, z: 0.38268337, w: -1}
  - {x: -0.92387956, y: 0, z: -0.38268346, w: -1}
  - {x: -0.92387956, y: 0, z: -0.38268346, w: -1}
  - {x: -0.92387956, y: 0, z: -0.38268346, w: -1}
  - {x: -0.92387956, y: 0, z: -0.38268346, w: -1}
  - {x: -0.38268337, y: 0, z: -0.92387956, w: -1}
  - {x: -0.38268337, y: 0, z: -0.92387956, w: -1}
  - {x: -0.38268337, y: 0, z: -0.92387956, w: -1}
  - {x: -0.38268337, y: 0, z: -0.92387956, w: -1}
  - {x: 0.38268346, y: 0, z: -0.9238795, w: -1}
  - {x: 0.38268346, y: 0, z: -0.9238795, w: -1}
  - {x: 0.38268346, y: 0, z: -0.9238795, w: -1}
  - {x: 0.38268346, y: 0, z: -0.9238795, w: -1}
  - {x: 0.92387956, y: 0, z: -0.38268355, w: -1}
  - {x: 0.92387956, y: 0, z: -0.38268355, w: -1}
  - {x: 0.92387956, y: 0, z: -0.38268355, w: -1}
  - {x: 0.92387956, y: 0, z: -0.38268355, w: -1}
  - {x: 0.92387956, y: 0, z: 0.3826834, w: -1}
  - {x: 0.92387956, y: 0, z: 0.3826834, w: -1}
  - {x: 0.92387956, y: 0, z: 0.3826834, w: -1}
  - {x: 0.92387956, y: 0, z: 0.3826834, w: -1}
  - {x: 0.38268355, y: 0, z: 0.9238795, w: -1}
  - {x: 0.38268355, y: 0, z: 0.9238795, w: -1}
  - {x: 0.38268355, y: 0, z: 0.9238795, w: -1}
  - {x: 0.38268355, y: 0, z: 0.9238795, w: -1}
  - {x: -0.38268343, y: 0, z: 0.92387956, w: -1}
  - {x: -0.38268343, y: 0, z: 0.92387956, w: -1}
  - {x: -0.38268343, y: 0, z: 0.92387956, w: -1}
  - {x: -0.38268343, y: 0, z: 0.92387956, w: -1}
  - {x: -0.92387956, y: 0, z: 0.38268337, w: -1}
  - {x: -0.92387956, y: 0, z: 0.38268337, w: -1}
  - {x: -0.92387956, y: 0, z: 0.38268337, w: -1}
  - {x: -0.92387956, y: 0, z: 0.38268337, w: -1}
  - {x: -0.92387956, y: 0, z: -0.38268346, w: -1}
  - {x: -0.92387956, y: 0, z: -0.38268346, w: -1}
  - {x: -0.92387956, y: 0, z: -0.38268346, w: -1}
  - {x: -0.92387956, y: 0, z: -0.38268346, w: -1}
  - {x: -0.38268337, y: 0, z: -0.92387956, w: -1}
  - {x: -0.38268337, y: 0, z: -0.92387956, w: -1}
  - {x: -0.38268337, y: 0, z: -0.92387956, w: -1}
  - {x: -0.38268337, y: 0, z: -0.92387956, w: -1}
  - {x: 0.38268346, y: 0, z: -0.9238795, w: -1}
  - {x: 0.38268346, y: 0, z: -0.9238795, w: -1}
  - {x: 0.38268346, y: 0, z: -0.9238795, w: -1}
  - {x: 0.38268346, y: 0, z: -0.9238795, w: -1}
  - {x: 0.92387956, y: 0, z: -0.38268355, w: -1}
  - {x: 0.92387956, y: 0, z: -0.38268355, w: -1}
  - {x: 0.92387956, y: 0, z: -0.38268355, w: -1}
  - {x: 0.92387956, y: 0, z: -0.38268355, w: -1}
  - {x: 0.92387956, y: 0, z: 0.3826834, w: -1}
  - {x: 0.92387956, y: 0, z: 0.3826834, w: -1}
  - {x: 0.92387956, y: 0, z: 0.3826834, w: -1}
  - {x: 0.92387956, y: 0, z: 0.3826834, w: -1}
  - {x: 0.38268355, y: 0, z: 0.9238795, w: -1}
  - {x: 0.38268355, y: 0, z: 0.9238795, w: -1}
  - {x: 0.38268355, y: 0, z: 0.9238795, w: -1}
  - {x: 0.38268355, y: 0, z: 0.9238795, w: -1}
  - {x: -0.3826834, y: 0, z: 0.92387956, w: -1}
  - {x: -0.3826834, y: 0, z: 0.92387956, w: -1}
  - {x: -0.3826834, y: 0, z: 0.92387956, w: -1}
  - {x: -0.3826834, y: 0, z: 0.92387956, w: -1}
  - {x: -0.92387956, y: 0, z: 0.38268334, w: -1}
  - {x: -0.92387956, y: 0, z: 0.38268334, w: -1}
  - {x: -0.92387956, y: 0, z: 0.38268334, w: -1}
  - {x: -0.92387956, y: 0, z: 0.38268334, w: -1}
  - {x: -0.92387956, y: 0, z: -0.3826835, w: -1}
  - {x: -0.92387956, y: 0, z: -0.3826835, w: -1}
  - {x: -0.92387956, y: 0, z: -0.3826835, w: -1}
  - {x: -0.92387956, y: 0, z: -0.3826835, w: -1}
  - {x: -0.38268334, y: 0, z: -0.92387956, w: -1}
  - {x: -0.38268334, y: 0, z: -0.92387956, w: -1}
  - {x: -0.38268334, y: 0, z: -0.92387956, w: -1}
  - {x: -0.38268334, y: 0, z: -0.92387956, w: -1}
  - {x: 0.3826835, y: 0, z: -0.92387956, w: -1}
  - {x: 0.3826835, y: 0, z: -0.92387956, w: -1}
  - {x: 0.3826835, y: 0, z: -0.92387956, w: -1}
  - {x: 0.3826835, y: 0, z: -0.92387956, w: -1}
  - {x: 0.92387956, y: 0, z: -0.38268352, w: -1}
  - {x: 0.92387956, y: 0, z: -0.38268352, w: -1}
  - {x: 0.92387956, y: 0, z: -0.38268352, w: -1}
  - {x: 0.92387956, y: 0, z: -0.38268352, w: -1}
  - {x: 0.92387956, y: 0, z: 0.3826834, w: -1}
  - {x: 0.92387956, y: 0, z: 0.3826834, w: -1}
  - {x: 0.92387956, y: 0, z: 0.3826834, w: -1}
  - {x: 0.92387956, y: 0, z: 0.3826834, w: -1}
  - {x: 0.38268352, y: 0, z: 0.92387944, w: -1}
  - {x: 0.38268352, y: 0, z: 0.92387944, w: -1}
  - {x: 0.38268352, y: 0, z: 0.92387944, w: -1}
  - {x: 0.38268352, y: 0, z: 0.92387944, w: -1}
  - {x: -1, y: 0, z: 0, w: -1}
  - {x: -1, y: 0, z: 0, w: -1}
  - {x: -1, y: 0, z: 0, w: -1}
  - {x: 1, y: 0, z: 0, w: -1}
  - {x: 1, y: 0, z: 0, w: -1}
  - {x: 1, y: 0, z: 0, w: -1}
  - {x: -1, y: 0, z: 0, w: -1}
  - {x: -1, y: 0, z: 0, w: -1}
  - {x: -1, y: 0, z: 0, w: -1}
  - {x: 1, y: 0, z: 0, w: -1}
  - {x: 1, y: 0, z: 0, w: -1}
  - {x: 1, y: 0, z: 0, w: -1}
  - {x: -1, y: 0, z: 0, w: -1}
  - {x: -1, y: 0, z: 0, w: -1}
  - {x: -1, y: 0, z: 0, w: -1}
  - {x: 1, y: 0, z: 0, w: -1}
  - {x: 1, y: 0, z: 0, w: -1}
  - {x: 1, y: 0, z: 0, w: -1}
  - {x: -1, y: 0, z: 0, w: -1}
  - {x: -1, y: 0, z: 0, w: -1}
  - {x: -1, y: 0, z: 0, w: -1}
  - {x: 1, y: 0, z: 0, w: -1}
  - {x: 1, y: 0, z: 0, w: -1}
  - {x: 1, y: 0, z: 0, w: -1}
  - {x: -1, y: 0, z: 0, w: -1}
  - {x: -1, y: 0, z: 0, w: -1}
  - {x: -1, y: 0, z: 0, w: -1}
  - {x: 1, y: 0, z: 0, w: -1}
  - {x: 1, y: 0, z: 0, w: -1}
  - {x: 1, y: 0, z: 0, w: -1}
  - {x: -1, y: 0, z: 0, w: -1}
  - {x: -1, y: 0, z: 0, w: -1}
  - {x: -1, y: 0, z: 0, w: -1}
  - {x: 1, y: 0, z: 0, w: -1}
  - {x: 1, y: 0, z: 0, w: -1}
  - {x: 1, y: 0, z: 0, w: -1}
  - {x: -1, y: 0, z: 0, w: -1}
  - {x: -1, y: 0, z: 0, w: -1}
  - {x: -1, y: 0, z: 0, w: -1}
  - {x: 1, y: 0, z: 0, w: -1}
  - {x: 1, y: 0, z: 0, w: -1}
  - {x: 1, y: 0, z: 0, w: -1}
  - {x: -1, y: 0, z: 0, w: -1}
  - {x: -1, y: 0, z: 0, w: -1}
  - {x: -1, y: 0, z: 0, w: -1}
  - {x: 1, y: 0, z: 0, w: -1}
  - {x: 1, y: 0, z: 0, w: -1}
  - {x: 1, y: 0, z: 0, w: -1}
  - {x: -0.38268375, y: 0, z: 0.92387944, w: -1}
  - {x: -0.38268375, y: 0, z: 0.92387944, w: -1}
  - {x: -0.38268375, y: 0, z: 0.92387944, w: -1}
  - {x: -0.38268375, y: 0, z: 0.92387944, w: -1}
  - {x: -0.92387944, y: 6.564557e-15, z: 0.38268372, w: -1}
  - {x: -0.92387944, y: 6.564557e-15, z: 0.38268372, w: -1}
  - {x: -0.92387944, y: 6.564557e-15, z: 0.38268372, w: -1}
  - {x: -0.92387944, y: 6.564557e-15, z: 0.38268372, w: -1}
  - {x: -0.92387944, y: 0, z: -0.38268372, w: -1}
  - {x: -0.92387944, y: 0, z: -0.38268372, w: -1}
  - {x: -0.92387944, y: 0, z: -0.38268372, w: -1}
  - {x: -0.92387944, y: 0, z: -0.38268372, w: -1}
  - {x: -0.38268372, y: 0, z: -0.92387944, w: -1}
  - {x: -0.38268372, y: 0, z: -0.92387944, w: -1}
  - {x: -0.38268372, y: 0, z: -0.92387944, w: -1}
  - {x: -0.38268372, y: 0, z: -0.92387944, w: -1}
  - {x: 0.3826837, y: 0, z: -0.9238794, w: -1}
  - {x: 0.38268352, y: 0, z: -0.92387956, w: -1}
  - {x: 0.38268352, y: 0, z: -0.92387956, w: -1}
  - {x: 0.3826833, y: 0, z: -0.9238797, w: -1}
  - {x: 0.92387944, y: 0, z: -0.38268372, w: -1}
  - {x: 0.9238796, y: 1.4823083e-21, z: -0.38268322, w: -1}
  - {x: 0.9238796, y: 1.4823083e-21, z: -0.38268322, w: -1}
  - {x: 0.92387986, y: 0, z: -0.38268265, w: -1}
  - {x: 0.9238794, y: 0, z: 0.3826837, w: -1}
  - {x: 0.9238796, y: 0, z: 0.38268322, w: -1}
  - {x: 0.9238796, y: 0, z: 0.38268322, w: -1}
  - {x: 0.92387986, y: 0, z: 0.38268268, w: -1}
  - {x: 0.38268375, y: 0, z: 0.92387944, w: -1}
  - {x: 0.38268352, y: 0, z: 0.9238795, w: -1}
  - {x: 0.38268352, y: 0, z: 0.9238795, w: -1}
  - {x: 0.38268325, y: -2.7191255e-15, z: 0.92387956, w: -1}
  - {x: -0.38268378, y: 1.3595659e-15, z: 0.92387944, w: -1}
  - {x: -0.38268378, y: 1.3595659e-15, z: 0.92387944, w: -1}
  - {x: -0.38268378, y: 1.3595659e-15, z: 0.92387944, w: -1}
  - {x: -0.38268378, y: 1.3595659e-15, z: 0.92387944, w: -1}
  - {x: -0.92387944, y: 0, z: 0.38268375, w: -1}
  - {x: -0.9238794, y: -0.00000015575446, z: 0.3826838, w: -1}
  - {x: -0.9238794, y: -0.00000015575446, z: 0.3826838, w: -1}
  - {x: -0.9238794, y: -0.00000031150893, z: 0.38268387, w: -1}
  - {x: -0.92387944, y: 4.9234197e-15, z: -0.38268375, w: -1}
  - {x: -0.9238794, y: 0.00000015575445, z: -0.38268384, w: -1}
  - {x: -0.9238794, y: 0.00000015575445, z: -0.38268384, w: -1}
  - {x: -0.9238794, y: 0.0000003115089, z: -0.38268387, w: -1}
  - {x: -0.38268375, y: -1.3595659e-15, z: -0.92387944, w: -1}
  - {x: -0.38268375, y: -1.3595659e-15, z: -0.92387944, w: -1}
  - {x: -0.38268375, y: -1.3595659e-15, z: -0.92387944, w: -1}
  - {x: -0.38268375, y: -1.3595659e-15, z: -0.92387944, w: -1}
  - {x: 0.38268328, y: -1.3595623e-15, z: -0.92387956, w: -1}
  - {x: 0.38268328, y: -1.3595623e-15, z: -0.92387956, w: -1}
  - {x: 0.38268328, y: -1.3595623e-15, z: -0.92387956, w: -1}
  - {x: 0.38268328, y: -1.3595623e-15, z: -0.92387956, w: -1}
  - {x: 0.92387986, y: 0, z: -0.38268265, w: -1}
  - {x: 0.9238798, y: 0.00000015575453, z: -0.3826828, w: -1}
  - {x: 0.9238798, y: 0.00000015575453, z: -0.3826828, w: -1}
  - {x: 0.92387974, y: 0.00000031150904, z: -0.38268295, w: -1}
  - {x: 0.92387986, y: 0, z: 0.38268268, w: -1}
  - {x: 0.9238798, y: -0.00000015575452, z: 0.3826828, w: -1}
  - {x: 0.9238798, y: -0.00000015575452, z: 0.3826828, w: -1}
  - {x: 0.92387974, y: -0.00000031150904, z: 0.38268295, w: -1}
  - {x: 0.38268328, y: 0, z: 0.92387956, w: -1}
  - {x: 0.38268328, y: 0, z: 0.92387956, w: -1}
  - {x: 0.38268328, y: 0, z: 0.92387956, w: -1}
  - {x: 0.38268328, y: 0, z: 0.92387956, w: -1}
  - {x: -0.38268378, y: -4.0840083e-15, z: 0.92387944, w: -1}
  - {x: -0.38268375, y: -0.000000039547036, z: 0.92387944, w: -1}
  - {x: -0.38268375, y: -0.000000039547036, z: 0.92387944, w: -1}
  - {x: -0.38268372, y: -0.000000079094065, z: 0.92387944, w: -1}
  - {x: -0.9238794, y: -0.00000031150893, z: 0.38268387, w: -1}
  - {x: -0.9238794, y: -0.0000001946931, z: 0.38268384, w: -1}
  - {x: -0.9238794, y: -0.0000001946931, z: 0.38268384, w: -1}
  - {x: -0.9238794, y: -0.00000007787723, z: 0.3826838, w: -1}
  - {x: -0.9238794, y: 0.0000003115089, z: -0.38268387, w: -1}
  - {x: -0.9238794, y: 0.00000019469307, z: -0.38268384, w: -1}
  - {x: -0.9238794, y: 0.00000019469307, z: -0.38268384, w: -1}
  - {x: -0.9238794, y: 0.000000077877225, z: -0.3826838, w: -1}
  - {x: -0.38268375, y: 3.7388064e-15, z: -0.92387944, w: -1}
  - {x: -0.38268372, y: 0.000000039547032, z: -0.92387944, w: -1}
  - {x: -0.38268372, y: 0.000000039547032, z: -0.92387944, w: -1}
  - {x: -0.38268372, y: 0.00000007909406, z: -0.92387944, w: -1}
  - {x: 0.38268328, y: 4.0839977e-15, z: -0.92387956, w: -1}
  - {x: 0.38268352, y: 0.000000038330175, z: -0.9238795, w: -1}
  - {x: 0.38268352, y: 0.000000038330175, z: -0.9238795, w: -1}
  - {x: 0.3826837, y: 0.0000000766604, z: -0.92387944, w: -1}
  - {x: 0.92387974, y: 0.00000031150904, z: -0.38268298, w: -1}
  - {x: 0.9238796, y: 0.00000019469311, z: -0.3826834, w: -1}
  - {x: 0.9238796, y: 0.00000019469311, z: -0.3826834, w: -1}
  - {x: 0.9238794, y: 0.000000077877225, z: -0.3826838, w: -1}
  - {x: 0.92387974, y: -0.00000031150904, z: 0.38268292, w: -1}
  - {x: 0.92387956, y: -0.00000019469311, z: 0.38268337, w: -1}
  - {x: 0.92387956, y: -0.00000019469311, z: 0.38268337, w: -1}
  - {x: 0.9238794, y: -0.00000007787723, z: 0.3826838, w: -1}
  - {x: 0.38268328, y: 0, z: 0.92387956, w: -1}
  - {x: 0.38268352, y: -0.000000038330175, z: 0.9238795, w: -1}
  - {x: 0.38268352, y: -0.000000038330175, z: 0.9238795, w: -1}
  - {x: 0.38268372, y: -0.00000007666039, z: 0.92387944, w: -1}
  - {x: -1, y: 0, z: 0, w: -1}
  - {x: -1, y: 0, z: 0, w: -1}
  - {x: -1, y: 0, z: 0, w: -1}
  - {x: 1, y: 0, z: 0, w: -1}
  - {x: 1, y: 0, z: 0, w: -1}
  - {x: 1, y: 0, z: 0, w: -1}
  - {x: -1, y: 0, z: 0.00000025288116, w: -1}
  - {x: -1, y: 0, z: 0.00000025288116, w: -1}
  - {x: -1, y: 0, z: 0.00000025288116, w: -1}
  - {x: 1, y: 0.000000034529833, z: -0.00000028779675, w: -1}
  - {x: 1, y: 0.000000034529833, z: -0.00000028779675, w: -1}
  - {x: 1, y: 0.000000034529833, z: -0.00000028779675, w: -1}
  - {x: -1, y: 0, z: -0.00000025288116, w: -1}
  - {x: -1, y: 0, z: -0.00000025288116, w: -1}
  - {x: -1, y: 0, z: -0.00000025288116, w: -1}
  - {x: 1, y: -0.000000034529833, z: 0.00000028779678, w: -1}
  - {x: 1, y: -0.000000034529833, z: 0.00000028779678, w: -1}
  - {x: 1, y: -0.000000034529833, z: 0.00000028779678, w: -1}
  - {x: -1, y: 0, z: 0.00000008742275, w: -1}
  - {x: -1, y: 0, z: 0.00000008742275, w: -1}
  - {x: -1, y: 0, z: 0.00000008742275, w: -1}
  - {x: 1, y: 5.1028005e-15, z: -0.000000059604634, w: -1}
  - {x: 1, y: 5.1028005e-15, z: -0.000000059604634, w: -1}
  - {x: 1, y: 5.1028005e-15, z: -0.000000059604634, w: -1}
  - {x: -1, y: 0, z: 0.000000059604638, w: -1}
  - {x: -1, y: 0, z: 0.000000059604638, w: -1}
  - {x: -1, y: 0, z: 0.000000059604638, w: -1}
  - {x: 1, y: 7.254047e-15, z: -0.00000008742278, w: -1}
  - {x: 1, y: 7.254047e-15, z: -0.00000008742278, w: -1}
  - {x: 1, y: 7.254047e-15, z: -0.00000008742278, w: -1}
  - {x: -1, y: 0, z: 0.00000016858743, w: -1}
  - {x: -1, y: 0, z: 0.00000016858743, w: -1}
  - {x: -1, y: 0, z: 0.00000016858743, w: -1}
  - {x: 1, y: 0.00000003530136, z: -0.00000020350302, w: -1}
  - {x: 1, y: 0.00000003530136, z: -0.00000020350302, w: -1}
  - {x: 1, y: 0.00000003530136, z: -0.00000020350302, w: -1}
  - {x: -1, y: 0, z: -0.0000004214686, w: -1}
  - {x: -1, y: 0, z: -0.0000004214686, w: -1}
  - {x: -1, y: 0, z: -0.0000004214686, w: -1}
  - {x: 1, y: -0.000000035301387, z: 0.0000004563842, w: -1}
  - {x: 1, y: -0.000000035301387, z: 0.0000004563842, w: -1}
  - {x: 1, y: -0.000000035301387, z: 0.0000004563842, w: -1}
  - {x: -1, y: 0, z: 0, w: -1}
  - {x: -1, y: 0, z: 0, w: -1}
  - {x: -1, y: 0, z: 0, w: -1}
  - {x: 1, y: 0, z: 0, w: -1}
  - {x: 1, y: 0, z: 0, w: -1}
  - {x: 1, y: 0, z: 0, w: -1}
  m_Colors: []
  m_UnwrapParameters:
    m_HardAngle: 88
    m_PackMargin: 20
    m_AngleError: 8
    m_AreaError: 15
  m_PreserveMeshAssetOnDestroy: 0
  assetGuid: 
  m_Mesh: {fileID: 0}
  m_IsSelectable: 1
  m_SelectedFaces: 
  m_SelectedEdges: []
  m_SelectedVertices: 
--- !u!23 &6969202040911500775
MeshRenderer:
  m_ObjectHideFlags: 0
  m_CorrespondingSourceObject: {fileID: 0}
  m_PrefabInstance: {fileID: 0}
  m_PrefabAsset: {fileID: 0}
  m_GameObject: {fileID: 2226083100126868276}
  m_Enabled: 1
  m_CastShadows: 1
  m_ReceiveShadows: 1
  m_DynamicOccludee: 1
  m_MotionVectors: 1
  m_LightProbeUsage: 1
  m_ReflectionProbeUsage: 1
  m_RayTracingMode: 2
  m_RayTraceProcedural: 0
  m_RenderingLayerMask: 1
  m_RendererPriority: 0
  m_Materials:
  - {fileID: 2100000, guid: 4609707953676524ca8dbe489a6ced95, type: 2}
  m_StaticBatchInfo:
    firstSubMesh: 0
    subMeshCount: 0
  m_StaticBatchRoot: {fileID: 0}
  m_ProbeAnchor: {fileID: 0}
  m_LightProbeVolumeOverride: {fileID: 0}
  m_ScaleInLightmap: 1
  m_ReceiveGI: 1
  m_PreserveUVs: 0
  m_IgnoreNormalsForChartDetection: 0
  m_ImportantGI: 0
  m_StitchLightmapSeams: 1
  m_SelectedEditorRenderState: 2
  m_MinimumChartSize: 4
  m_AutoUVMaxDistance: 0.5
  m_AutoUVMaxAngle: 89
  m_LightmapParameters: {fileID: 0}
  m_SortingLayerID: 0
  m_SortingLayer: 0
  m_SortingOrder: 0
  m_AdditionalVertexStreams: {fileID: 0}
--- !u!33 &1419972323187460625
MeshFilter:
  m_ObjectHideFlags: 0
  m_CorrespondingSourceObject: {fileID: 0}
  m_PrefabInstance: {fileID: 0}
  m_PrefabAsset: {fileID: 0}
  m_GameObject: {fileID: 2226083100126868276}
  m_Mesh: {fileID: 0}
--- !u!64 &2751897554977445682
MeshCollider:
  m_ObjectHideFlags: 0
  m_CorrespondingSourceObject: {fileID: 0}
  m_PrefabInstance: {fileID: 0}
  m_PrefabAsset: {fileID: 0}
  m_GameObject: {fileID: 2226083100126868276}
  m_Material: {fileID: 0}
  m_IsTrigger: 0
  m_Enabled: 1
  serializedVersion: 4
  m_Convex: 0
  m_CookingOptions: 30
  m_Mesh: {fileID: 0}
